3600 5800
1349 882 1515 931 VITA
1560 884 1609 932 S.
1657 883 2000 934 wat-mm.
2585 871 2715 933 485

607 1066 645 1091 “
685 1082 887 1136 surge,
926 1066 1068 1137 quid
1097 1066 1300 1139 jaces?
1335 1068 1490 1123 Nam
1515 1069 1654 1124 licet
1690 1070 1845 1125 inter
1869 1070 2027 1125 cives
2063 1071 2336 1126 caelorum
2370 1072 2714 1136 numereris,
2738 1065 2975 1144 Eadm-r,

611 1149 649 1173 “
690 1153 884 1203 tamen
944 1156 1178 1222 propter
1238 1152 1527 1207 orationes
1568 1152 1819 1207 filiorum
1874 1158 2109 1208 tuorum
2147 1155 2257 1209 hoc
2292 1160 2556 1225 tempore
2592 1171 2710 1209 non
2737 1147 2845 1196 ⁰⁸9·
2868 1133 2996 1184 ¹¹¹¹·

612 1227 648 1250 ‘⁴
687 1227 969 1293 morieris,
1010 1225 1078 1285 et
1112 1230 1403 1301 praecipue
1460 1248 1564 1301 per
1623 1230 1835 1286 merita
1893 1237 1954 1287 et
2005 1233 2443 1289 intercessiones
2516 1235 2712 1290 Beatae

611 1297 648 1329 “
687 1305 909 1371 Mariae,
947 1309 1258 1379 genetricis
1295 1310 1403 1364 Dei
1438 1316 1498 1365 et
1534 1316 1828 1383 perpetum
1851 1312 2136 1383 Virginis.
2190 1312 2394 1368 Oravit
2429 1312 2583 1367 enim
2608 1331 2712 1385 pro

610 1387 649 1413 “
687 1391 767 1452 te,
807 1397 1114 1461 propterea
1163 1392 1317 1463 quod
1355 1393 1621 1462 quaedam
1659 1411 1840 1465 opera
1876 1395 1991 1449 sibi
2027 1395 2379 1466 placuerunt
2413 1397 2571 1451 facta
2603 1414 2713 1467 per

609 1472 647 1497 ‘⁶
688 1476 766 1526 te.
862 1472 988 1530 Scit
1038 1493 1253 1547 nempe
1314 1476 1455 1546 quid
1510 1478 1701 1547 operis
1740 1479 1917 1533 Petro
1961 1478 2185 1543 feceris,
2229 1478 2486 1551 quidque
2524 1479 2709 1549 ipsius

609 1556 647 1579 “
687 1556 856 1611 fratri
913 1556 1171 1613 Andreae
1233 1561 1639 1615 construxeris,
1738 1561 2107 1633 Quapropter
2161 1580 2317 1615 nunc
2377 1561 2613 1632 quidem
2674 1581 2711 1617 a

609 1638 646 1663 “
685 1644 876 1695 morte
910 1642 1294 1707 revocaberis,
1325 1661 1392 1698 ac
1415 1644 1552 1697 vitae
1577 1645 1867 1716 salutique
1903 1645 2250 1700 restitueris.
2329 1645 2446 1700 Sed
2468 1650 2707 1717 paratus

595 1723 646 1754 “⁶
688 1727 832 1788 esto,
871 1725 1013 1795 quia
1058 1731 1197 1796 post
1250 1726 1698 1797 quadriennium
1733 1727 1966 1782 rediens
2006 1727 2257 1783 visitabo
2294 1732 2375 1781 te.
2449 1728 2709 1782 Patriam

608 1807 646 1833 ‘⁶
682 1822 822 1861 vero
875 1811 1247 1879 perveniens,
1300 1811 1613 1865 maximam
1656 1812 2094 1882 possessionum
2130 1816 2388 1874 tuarum,
2432 1828 2561 1881 quae
2596 1811 2708 1866 tibi

607 1890 647 1916 ‘⁸
685 1896 825 1945 sunt
882 1891 1106 1958 ablatae,
1161 1893 1488 1964 portionem
1539 1894 1811 1965 recipies,
1863 1898 2035 1964 atque
2086 1892 2150 1947 in
2186 1910 2329 1964 pace
2390 1894 2710 1965 tranquilla

605 1973 643 1998 “
682 1974 868 2029 vitam
910 1975 1313 2030 terminab'is.”
1385 1975 1608 2045 Quibus
1645 1977 1818 2032 dictis
1854 1975 2004 2031 visio
2040 1974 2263 2047 Angeli
2297 1975 2594 2047 loquentis
2633 1977 2706 2032 ab

602 2054 732 2126 ejus
767 2063 1084 2129 conspectu
1120 2059 1320 2130 elapsa
1354 2064 1459 2114 est.

675 2138 990 2195 Convaluit
1039 2141 1225 2213 igitur
1276 2143 1588 2215 episcopus
1643 2143 1873 2197 cunctis
1934 2141 2345 2214 gaudentibus,
2401 2147 2706 2214 coeptoque

600 2222 812 2279 itinere
836 2224 1207 2280 Britanniam
1241 2227 1424 2281 venit.
1490 2226 1589 2280 Fit
1626 2225 1896 2296 angelica
1930 2224 2240 2296 promissio
2276 2242 2430 2280 vera.
2495 2224 2708 2281 Omnia
2728 2224 2878 2300 York·

599 2323 704 2360 sua
755 2309 1141 2379 recuperavit.
1241 2309 1503 2378 Quatuor
1553 2309 1726 2364 annis
1777 2309 1841 2363 in
1895 2326 2039 2381 pace
2088 2309 2413 2378 supervixit
2430 2330 2448 2371 3
2501 2307 2705 2378 quinto
2728 2290 2991 2355 Boem'Y·

598 2390 899 2461 migravit,
957 2396 1018 2447 et
1077 2392 1456 2463 prodentibus
1510 2392 1811 2448 miraculis
1865 2410 1996 2464 quae
2050 2391 2115 2445 in
2166 2391 2425 2448 transitu
2476 2397 2536 2447 et
2571 2396 2705 2463 post

597 2473 918 2530 transitum
970 2474 1134 2529 illius
1184 2474 1402 2530 Divina
1436 2477 1631 2530 virtus
1685 2474 1761 2529 ad
1817 2474 2089 2546 exequias
2152 2474 2428 2538 ostendit,
2479 2474 2705 2529 cunctis

596 2558 788 2626 patuit
824 2556 979 2628 quod
1032 2557 1160 2612 omli
1198 2575 1383 2628 regna
1418 2560 1579 2613 felici
1630 2558 1930 2629 triumpho
1981 2557 2204 2629 potitus
2259 2557 2517 2611 intravit.
2593 2557 2703 2612 De·
2732 2556 2887 2615 Beda,
2911 2553 2980 2603 Η-

599 2635 837 2691 functus
873 2642 1071 2693 autem
1117 2633 1260 2693 erat
1310 2639 1372 2692 in
1409 2639 1762 2694 monasterio
1815 2655 1922 2692 suo
1977 2637 2135 2708 quod
2169 2635 2424 2692 habebat
2461 2637 2524 2691 in
2575 2654 2704 2709 pro·
2730 2623 2813 2686 1³2„
2836 2639 2886 2672 V·
2917 2629 2993 2675 1⁹·

595 2727 791 2783 vincia
825 2726 1126 2784 Undalum
1161 2730 1271 2785 sub
1304 2727 1589 2799 regimine
1626 2719 1920 2783 Gudbaldi
1957 2725 2203 2788 abbatis,
2242 2721 2323 2781 ut
2366 2718 2465 2782 ait
2509 2738 2706 2781 vene-

594 2808 823 2874 rabilis
869 2809 1066 2888 Beda,
1113 2810 1348 2896 quinto
1395 2807 1714 2873 Historiae
1773 2808 1996 2898 gentis
2041 2806 2411 2893 Anglorum
2460 2806 2701 2891 [libro]‚
2733 2813 2981 2930 {Vilfrid’a

593 2912 884 2997 capitulo
946 2913 1393 2990 nonodecim0‚
1439 2911 1556 2976 ubi
1621 2912 1836 2976 multa
1897 2912 1977 2976 de
2034 2910 2392 2995 praemissis
2457 2909 2703 2975 scribit.
2731 2882 3008 2998 bffiffifmd

593 3021 671 3076 Et
704 3023 1032 3078 ministerio
1067 3014 1550 3089 monachorum,
1599 3017 1677 3077 ut
1720 3014 1821 3077 ait
1863 3013 2038 3077 idem
2086 3011 2302 3087 Beda,
2323 3020 2444 3091 per]
2453 3025 2584 3074 atus
2638 3020 2701 3072 in

593 3112 850 3182 primum
906 3132 1076 3168 suum
1111 3110 1534 3168 monasterium
1572 3110 1727 3178 quod
1763 3115 2004 3163 vocatur
2039 3100 2297 3184 Rypon‚
2334 3107 2562 3178 positus
2609 3111 2702 3161 est

593 3198 657 3252 in
710 3200 957 3255 ecclesia
1003 3201 1172 3255 Beati
1208 3200 1372 3255 Petri
1407 3190 1875 3273 Apostolorum
1921 3187 2254 3272 principis,
2303 3205 2502 3269 quam
2547 3184 2696 3246 fun-

592 3276 871 3342 daverat
937 3284 1006 3343 et
1072 3277 1506 3353 dedicaverat,
1563 3286 1734 3356 juxta
1792 3286 1977 3339 altare
2032 3283 2106 3338 ad
2175 3289 2461 3344 austrum,
2522 3293 2696 3337 anno

590 3366 810 3430 aetatis
839 3388 976 3431 suae
1007 3366 1487 3451 septuagesimo
1518 3369 1723 3439 sextO,
1756 3364 2167 3449 episcopatus
2199 3360 2695 3446 quadragesimo

590 3471 793 3531 sexto.
872 3467 1031 3532 Post
1073 3466 1316 3531 multos
1361 3472 1580 3531 autem
1616 3486 1846 3542 annOS,
1876 3463 2172 3529 coenobio
2202 3462 2317 3527 illo
2349 3461 2697 3540 destructO,

590 3587 633 3631 a
676 3568 1084 3635 sanctissimo
1132 3567 1360 3633 Odone
1408 3566 1869 3631 Cantuariensi
1919 3563 2406 3649 archiepiscopo
2452 3562 2699 3628 Beatus
2792 3599 2811 3615 ·

591 3668 940 3735 wilfi-idus
988 3667 1419 3735 cantuariam
1483 3666 1758 3743 delatus,
1806 3667 1984 3731 inter
2050 3669 2273 3750 patres
2337 3664 2698 3750 praecipuos

586 3769 882 3836 habetur.

678 3872 842 3939 Haec
889 3872 970 3936 de
1014 3871 1243 3936 multis
1289 3892 1486 3936 causa
1531 3869 1883 3935 brevitatis
1930 3868 2226 3932 strictius
2294 3867 2475 3933 dicta
2517 3867 2695 3932 suffi-

586 3973 786 4040 ciunt.

675 4142 980 4230 Empticit
1046 4143 1125 4209 de
1187 4143 1433 4209 Sancto
1514 4140 1830 4228 Wilfrido
1890 4139 2297 4207 Eborace‘nsi
2364 4138 2696 4225 archiepi-

582 4270 791 4336 scopo,
