3600 5800
1277 940 1619 993 Eocmsm
1665 940 2140 994 EBORACENSIS.
2625 932 2753 996 365

654 1129 917 1197 Occisor
959 1127 1181 1194 fratris
1225 1130 1411 1215 regni
1457 1135 1526 1197 et
1570 1136 1865 1198 vastator
1909 1135 2220 1214 acerbus3
2519 1178 2522 1183 .
2781 1133 2929 1184 orbis

655 1231 789 1313 Qui
834 1237 937 1296 ter
982 1230 1152 1297 dena
1195 1230 1322 1296 sibi
1367 1231 1687 1299 conduxit
1729 1234 1941 1302 millia
1984 1236 2170 1315 belle,
2625 1241 2756 1305 520
2782 1216 3003 1318 {22¹3ss

655 1334 783 1400 Ter
828 1334 1157 1418 denosque
1202 1334 1398 1400 duces
1443 1334 1722 1401 totidem
1768 1337 2084 1405 deducere
2131 1346 2380 1407 turmas

660 1437 1020 1523 Disposuit,
1068 1457 1347 1522 quorum
1392 1443 1608 1503 certus
1652 1439 1784 1505 fuit
1830 1462 1988 1507 usus
2033 1442 2106 1506 in
2150 1444 2365 1509 armis.

658 1538 807 1605 Hac
850 1544 1111 1605 vastare
1156 1558 1357 1605 manu
1402 1538 1803 1626 veniensque
1850 1548 2144 1610 evertere
2187 1565 2509 1630 regnum„

660 1642 910 1708 Moenia
956 1641 1301 1719 destruxit,
1348 1640 1647 1707 homines
1691 1664 1999 1711 mucrone
2045 1647 2338 1731 peremit.

658 1736 990 1814 Imbribus
1036 1744 1393 1821 exundans,
1440 1750 1694 1810 torrens
1739 1767 1860 1813 ceu
1904 1748 2239 1812 montibus
2284 1748 2438 1814 altis
2621 1751 2753 1815 525

660 1848 916 1915 Sternit
959 1868 1164 1935 agros,
1212 1852 1591 1934 segetesque
1637 1847 1828 1933 rapit,
1875 1844 2206 1934 silvasque
2252 1849 2519 1917 recidit:

660 1951 772 2018 Sic
817 1951 955 2017 dux
1001 1951 1139 2036 ipse
1185 1950 1371 2016 ferox
1417 1949 1769 2017 devastans
1815 1951 2037 2015 omnia
2080 1951 2334 2037 pressit,

657 2054 843 2120 Dans
888 2052 1086 2117 simul
1130 2053 1203 2117 in
1247 2074 1507 2137 pessum
1554 2073 1802 2137 pueros,
1843 2054 2267 2140 juvenesque,
2316 2076 2644 2142 senesque.
2784 2066 2882 2144 ῌίε
2905 2069 3067 2119 cruet-

659 2154 904 2221 Nullus
950 2176 1101 2218 eum
1146 2175 1343 2220 sexus
1387 2154 1496 2219 vel
1540 2154 1725 2220 nulla
1768 2160 2137 2221 retraxerat
2180 2161 2341 2223 aetas
2739 2208 2752 2223 .
2785 2142 2896 2186 Μ’·

659 2258 770 2323 Ad
815 2258 1083 2343 pietatis
1129 2278 1307 2343 opus,
1354 2257 1538 2323 nullo
1557 2255 1583 2295 ¹
1629 2259 1787 2343 quia
1822 2259 1975 2344 jure
2020 2260 2326 2345 pepercit.
2630 2264 2761 2327 530

662 2360 795 2425 Sed
840 2364 1064 2437 rector,
1112 2359 1217 2424 cui
1263 2380 1420 2425 cura
1462 2359 1593 2423 fuit
1638 2360 1986 2426 defendere
2030 2367 2311 2447 gentem,

662 2460 876 2548 Seque
923 2482 1202 2546 suosque
1247 2460 1444 2525 simul
1492 2460 1742 2527 Christi
1786 2463 2069 2528 tutarier
2112 2465 2326 2541 armis,

662 2564 854 2651 Legit
899 2569 969 2629 et
1011 2565 1150 2649 ipse
1196 2562 1373 2628 viros
1418 2563 1633 2640 fortes,
1682 2570 1884 2650 atque
1928 2566 2195 2651 agmina
2238 2572 2445 2653 tanta,

661 2667 949 2735 Venerat
991 2667 1169 2740 haud
1216 2667 1473 2753 trepido
1517 2672 1745 2733 contra
1798 2689 1918 2733 rex
1963 2674 2222 2754 pectore
2267 2676 2610 2759 promptus
2785 2683 2918 2734 Oswi
2963 2674 2972 2681 ‘

661 2771 875 2838 Milite
919 2793 1069 2838 cum
1114 2791 1276 2849 ram,
1323 2771 1537 2857 primo
1581 2771 1695 2836 sed
1742 2771 2010 2837 Numen
2058 2773 2329 2859 Olympi
2630 2777 2755 2842 535
2784 2766 2998 2879 ssffi‘jm

661 2872 959 2941 Fletibus
1005 2879 1075 2941 et
1116 2873 1291 2940 votis
1338 2874 1667 2942 constanti
1712 2875 1903 2942 corde
1949 2877 2260 2962 poposcit.

661 2976 797 3042 His·
833 2978 997 3045 actis
1042 2976 1244 3042 etiam
1288 2976 1560 3043 hostiles
1604 2982 1684 3043 ut
1728 2977 1905 3043 vidit
1949 2978 2195 3064 ubique

662 3079 1049 3147 Innumeras
1095 3080 1265 3146 acies
1310 3079 1466 3146 latis
1510 3080 1869 3148 discurrere
1915 3083 2177 3167 campis,

661 3183 805 3249 Has
844 3189 1078 3250 contra
1121 3183 1428 3267 opposuit
1471 3203 1750 3266 parvum
1797 3182 1954 3248 licet
2005 3184 2286 3269 impiger
2327 3205 2581 3270 agmen,

660 3283 876 3349 Minio.
920 3284 1096 3348 trina
1139 3283 1315 3347 ciens
1360 3287 1640 3358 tantum,
1689 3282 1803 3345 sed
1847 3288 2152 3368 prompta
2197 3285 2428 3349 duello.
2631 3289 2760 3352 540

660 3385 806 3451 Nec
849 3405 1047 3460 mora,
1094 3383 1258 3467 quin
1302 3382 1535 3445 mediis
1580 3404 1650 3446 se
1695 3382 2059 3448 immiserat
2102 3384 2403 3451 hostibus
2446 3388 2683 3465 audem,

664 3487 1064 3552 Proturbans
1108 3484 1281 3550 acies
1327 3483 1579 3548 Christi
1622 3484 1958 3549 testudine
2003 3485 2227 3552 fretus.

321 3598 402 3677 ρξ’.
432 3599 500 3651 Η.
519 3602 579 3652 Ε.
664 3590 825 3656 Mox
869 3590 1067 3654 timor
1113 3588 1408 3672 inpactas
1454 3586 1844 3672 populorum
1892 3587 2170 3673 dispulit
2213 3590 2365 3668 alas,
2789 3609 2891 3658 and
2914 3607 3038 3658 'eon-

323 3681 397 3715 ¹¹¹'
424 3671 506 3716 ²⁴'
663 3693 795 3774 Qui
840 3712 1083 3778 pugnae
1128 3690 1556 3765 immemores
1603 3689 1803 3756 armis
1849 3689 2131 3776 telisque
2176 3692 2422 3759 relictis
2786 3690 3040 3791 fflffi'an’s

659 3797 835 3862 Tuta
877 3794 1051 3879 fugae
1097 3792 1342 3879 petiere
1387 3792 1543 3869 loca,
1592 3797 1661 3856 et
1704 3813 1826 3858 sua
1870 3793 2059 3878 signa
2103 3795 2446 3863 revellunt.
2632 3801 2757 3864 545
2787 3822 2944 3873 army.

658 3897 1034 3982 Pallantum
1080 3915 1321 3961 cuneos
1365 3894 1578 3962 victor
1621 3915 1739 3959 rex
1784 3895 1984 3960 caedit
2028 3896 2289 3982 ubique,

657 4000 1020 4066 Horrisona
1064 3997 1464 4082 increpitans
1508 3997 1837 4083 hig-lentes
1881 4018 2040 4064 voce
2087 3993 2478 4087 phalangas.

656 4103 863 4168 Arma
907 4121 1131 4166 cruore
1176 4104 1429 4177 natant,
1476 4104 1826 4167 mutantur
1870 4103 2187 4188 sanguine
2231 4103 2480 4185 fontes;

659 4204 863 4290 Fugit
907 4208 977 4268 et
1019 4204 1158 4288 ipse
1203 4202 1417 4280 simul,
1465 4207 1656 4269 tanta
1699 4204 1820 4267 vix
1865 4204 2047 4270 clade
2093 4210 2370 4284 coactus,

657 4306 819 4371 Dux
864 4305 1149 4380 Pendan,
1198 4326 1465 4370 cernens
1510 4307 1734 4384 caedeS,
1782 4309 2160 4392 stragesque
2206 4330 2507 4392 suorum3
2629 4315 2760 4380 550
2785 4330 2994 4382 Pendan
3015 4331 3060 4382 is

658 4409 802 4476 Nec
846 4415 1068 4474 tamen
1115 4408 1367 4472 evaluit
1410 4409 1668 4494 fugiens
1712 4409 1988 4474 evadere
2033 4417 2327 4490 mortem,
2783 4396 2953 4450 killed.

663 4512 796 4577 Sed
838 4511 1059 4598 gladio
1107 4510 1344 4576 cecidit
1388 4511 1644 4577 victrici
1693 4512 1942 4576 occisus
1988 4517 2057 4576 et
2101 4514 2229 4578 ille.

663 4615 971 4681 Curritur
1015 4613 1101 4679 ad
1144 4614 1436 4699 praedam
1482 4613 1744 4699 passim,
1791 4620 1861 4678 et
1908 4613 2049 4680 laus
2096 4616 2298 4702 digna
2342 4617 2628 4684 Tonanti

1714 4763 1795 4770 -—--

1386 4837 1403 4873 ¹
1436 4836 1595 4905 nullo]
1624 4853 1693 4888 sc.
1720 4838 1866 4900 nulli,
1891 4839 2043 4892 Jafl'e.
