3600 5800
567 1313 816 1367 Wilfrid's

569 1730 715 1781 York

568 1797 836 1864 Breviary.

577 3747 813 3807 Eadmer,

901 862 1034 953 482
1766 901 2138 950 APPENDIX.

1558 1141 1981 1208 CAPITULUM
2028 1140 2337 1207 Ssx‘rnn.

973 1300 1113 1355 Post
1146 1300 1274 1354 hoec
1308 1307 1543 1367 recepto
1579 1297 1791 1353 itinere
1830 1298 2077 1352 Romam
2111 1296 2292 1360 vadit,
2329 1311 2564 1350 causam
2611 1311 2777 1348 suam
2813 1309 3011 1349 coram

900 1400 1053 1454 papa
1097 1380 1410 1453 Agathone
1461 1380 1525 1434 in
1562 1380 1825 1435 Romano
1873 1379 2120 1434 concilio
2156 1378 2296 1451 agit.
2372 1378 2633 1449 Cumque
2669 1375 3016 1447 dilig-entius

899 1466 1206 1537 negotium
1258 1464 1383 1536 ejus
1418 1463 1483 1517 in
1534 1463 1664 1534 ipso
1719 1463 1970 1519 concilio
2025 1461 2435 1526 discuteretur,
2486 1459 2560 1516 ab
2609 1477 2677 1515 re
2713 1457 3015 1531 pontificio

903 1549 1107 1621 pulsus
1142 1547 1545 1619 comprobatus
1593 1551 1700 1610 est,
1742 1547 1961 1618 quippe
1998 1544 2100 1616 qui
2137 1550 2197 1599 et
2231 1544 2344 1599 fide
2391 1543 2731 1606 catholicuS‚
2771 1547 2834 1596 et
2880 1558 3015 1595 con-

903 1639 1134 1704 temptu
1181 1630 1591 1687 mandatorum
1643 1629 1914 1702 primatis
1963 1629 2219 1700 Angliae,
2275 1645 2383 1700 pro
2437 1644 2552 1699 quo
2606 1627 2859 1681 maxime
2906 1625 3017 1678 im-

904 1716 1231 1789 petebatur,
1270 1713 1548 1769 immunis
1583 1717 1674 1768 est
1708 1729 1744 1767 a
1790 1712 2017 1767 cunctis
2053 1712 2348 1766 inventus.
2425 1709 2792 1781 Quapropter
2845 1725 3017 1779 syno-

902 1798 1024 1854 dali
1059 1798 1349 1854 sententia
1382 1796 1702 1860 absolutus,
1740 1800 1802 1850 et
1835 1795 2182 1850 auctoritate
2229 1793 2382 1849 sedis
2416 1791 2773 1864 Apostolicse
2808 1792 3012 1855 fultus,

901 1883 1236 1939 revertitur.
1310 1881 1561 1936 Proefato
1598 1885 1796 1935 autem
1830 1879 1960 1950 regi
1985 1879 2233 1950 ngrido
2269 1883 2332 1934 et
2366 1877 2793 1948 archiepiscopo
2828 1875 3014 1930 Theo—

904 1965 1046 2021 doro
1095 1965 1301 2021 literas
1345 1962 1717 2035 Apostolicas
1771 1960 2060 2026 deferens,
2110 1960 2401 2032 judicium
2451 1960 2563 2015 sibi
2618 1964 2679 2014 et
2721 1958 3018 2030 justitiam

903 2051 1036 2106 fieri
1082 2050 1358 2122 postulat.
1432 2047 1661 2104 Aderat
1719 2064 1788 2103 ea
1840 2052 2188 2119 tempestate
2237 2050 2559 2103 memorata
2592 2045 2805 2117 conjux
2856 2043 3016 2114 regis

903 2133 1196 2190 maledico
1234 2148 1335 2188 ore
1384 2130 1754 2187 concordiam
1790 2131 2050 2195 turbans,
2088 2129 2284 2186 virum
2320 2130 2433 2185 Dei
2479 2128 2798 2185 delatorem
2832 2128 3020 2184 nomi-

902 2236 1070 2285 nans,
1108 2236 1244 2275 eum
1267 2234 1385 2273 non
1408 2217 1744 2289 episcopatu
1769 2216 1872 2272 sed
1896 2215 2057 2271 omni
2083 2215 2393 2288 opprobrio
2418 2214 2668 2286 dignum
2691 2215 3015 2271 clamitans.

908 2302 1065 2373 Quid
1099 2302 1290 2357 multa
1304 2299 1332 2355 Ρ
1400 2299 1625 2370 Regius
1659 2300 1826 2355 furor
1860 2315 1933 2354 ex
1962 2299 2156 2354 verbis
2201 2297 2469 2354 nefandae
2504 2298 2771 2353 mulieris
2807 2314 3008 2353 acceu-

901 2385 1084 2451 ditur,
1146 2385 1396 2442 Sanctus
1447 2382 1558 2438 Dei
1595 2383 1924 2455 opprobriis
1978 2388 2040 2437 et
2074 2382 2446 2438 coutumeliis
2480 2382 2688 2437 multis
2724 2380 3011 2447 afficitur3

902 2469 983 2525 ad
1017 2469 1300 2525 ultimum
1335 2466 1399 2520 in
1433 2466 1729 2522 tenebrosi
1763 2464 2011 2521 carceris
2047 2469 2216 2521 antro
2250 2465 2483 2521 vinctus
2517 2464 2857 2520 recluditur.

979 2560 1246 2631 Contigit
1291 2549 1562 2614 interim
1604 2564 1675 2613 ut
1724 2556 1978 2629 quadam
2031 2556 2129 2611 die
2175 2573 2281 2612 rex
2328 2562 2390 2613 et
2440 2555 2860 2627 Ermenburgis
2908 2573 3014 2627 per

907 2655 1143 2709 campos
1212 2638 1331 2694 late
1387 2642 1669 2709 vagantes
1739 2635 2145 2692 immoderatae
2202 2635 2429 2693 laetitiae
2499 2636 2686 2691 froena
2731 2636 3011 2700 laxarent,

847 2753 873 2764 -
909 2733 1159 2788 cumque
1192 2716 1321 2787 ipsa
1354 2715 1632 2774 muliebri
1664 2716 1910 2772 lascivia
1942 2728 1987 2773 a
2020 2715 2270 2772 feminea
2304 2716 2650 2788 garrulitate
2683 2707 2758 2771 in
2796 2706 3018 2771 virum

869 2825 885 2840 ·
911 2802 1022 2858 Dei
1073 2801 1402 2868 insultaret,
1449 2795 1672 2860 subito
1716 2808 1982 2875 correpta
2032 2821 2070 2858 a
2116 2803 2380 2859 daemone
2431 2803 2613 2874 ooepit
2664 2804 2831 2876 quasi
2876 2803 3020 2875 lupa

907 2881 1153 2937 ululare.
1251 2881 1547 2941 Turbatur
1602 2902 1708 2940 rex
1765 2902 1901 2940 cum
1973 2883 2302 2950 comitibus,
2365 2888 2427 2939 et
2482 2881 2721 2955 tandem
2792 2882 3014 2939 credito

909 2982 1149 3022 suorum
1198 2967 1465 3032 oonsilio,
1517 2966 1594 3023 ad
1649 2968 2060 3024 liberationem
2106 2967 2374 3040 conjugis
2415 2966 2701 3023 adductus
2736 2972 2827 3024 est
2873 2966 3016 3024 Wil-

907 3048 1112 3105 fiidus.
1185 3047 1300 3118 Qui
1354 3050 1545 3106 noluit
1579 3051 1788 3107 merita
1824 3068 2029 3107 eorum
2078 3050 2458 3116 considerare,
2497 3050 2599 3106 sed
2647 3052 2851 3122 fugato
2886 3067 3017 3121 pro-

903 3131 1071 3187 tinus
1104 3131 1388 3199 daemone,
1427 3132 1583 3189 bona
1603 3151 1709 3205 pro
1744 3134 1918 3189 malis
1954 3132 2182 3189 studuit
2213 3134 2300 3188 eis
2319 3150 2772 3204 recompensare.
2845 3131 3017 3188 Unde

905 3226 1010 3267 rex
1057 3211 1480 3283 aliquantisper
1527 3213 1593 3268 in
1627 3213 2060 3269 venerationem
2108 3212 2269 3268 illius
2321 3211 2624 3275 adductus,
2676 3211 2887 3267 annuit
2934 3215 3004 3267 ut

910 3309 949 3347 a
997 3289 1264 3346 custodia
1310 3290 1462 3348 liber
1494 3292 1610 3349 iret
1660 3310 1778 3364 quo
1812 3292 1994 3349 vellet
2010 3314 2031 3357 ς
2078 3309 2151 3348 ea
2196 3298 2398 3349 tamen
2452 3291 2807 3358 conditione,
2844 3297 2914 3348 ut
2947 3291 3013 3347 in

913 3368 1075 3433 tei-ra
1110 3376 1203 3433 sui
1231 3376 1387 3449 juris
1424 3377 1592 3435 nullo
1624 3377 1799 3434 modo
1840 3376 2204 3435 subsisteret.

1545 3589 1963 3657 CAPITULUM
2009 3590 2394 3657 Sum-mun.

987 3734 1249 3791 Divertit
1279 3741 1413 3808 post
1446 3737 1575 3793 haeo
1616 3737 1693 3793 ad
1726 3736 2092 3810 provinciam
2124 3736 2492 3795 Australium
2532 3738 2845 3803 Saxonum,
2884 3752 3017 3809 quae

578 3811 889 3877 0⁸1²·11111·
914 3819 1019 3875 isso
1056 3818 1247 3874 adhuc
1286 3824 1547 3892 tempore
1578 3821 1826 3893 paganis
1873 3820 2130 3877 cultibus
2164 3821 2496 3888 insudabat,
2533 3821 2738 3892 ibique
2773 3820 3018 3876 verbum

582 4072 795 4125 wilfrid

916 3901 1027 3959 Dei
1084 3901 1453 3975 praedicabat,
1509 3909 1571 3959 et
1616 3904 1988 3959 credentibus
2021 3904 2321 3961 lavacrum
2376 3904 2582 3961 salutis
2628 3904 3019 3958 ministrabat.

917 3986 1063 4040 Erat
1094 3990 1292 4041 autem
1324 4003 1427 4042 rex
1459 3985 1654 4056 gentis
1690 3986 1870 4053 illius,
1897 3987 2185 4042 Edilwalh
2218 3987 2473 4053 nomine,
2512 4004 2632 4042 non
2666 3987 2856 4042 multo
2888 3991 3028 4041 ante

917 4068 1241 4141 baptizatus
1291 4068 1357 4123 in
1406 4069 1707 4141 provincia
1753 4069 2130 4135 Merciorum,
2167 4076 2228 4127 et
2275 4072 2500 4142 regina,
2556 4070 2795 4125 nomine
2844 4069 3022 4134 Eabe,

584 4140 829 4217 Pmchffi
917 4140 1140 4206 fuerat
1179 4147 1474 4220 baptizata
1495 4148 1559 4203 in
1595 4166 1720 4215 sua,
1744 4150 1856 4204 hoo
1890 4155 1981 4205 est
2013 4150 2314 4222 provincia
2336 4150 2738 4206 Huicciorum.
2811 4149 3023 4220 Itaque

582 4220 639 4255 ²¹¹
664 4203 872 4257 sm·
921 4228 1137 4284 Beatus
1184 4226 1510 4293 wilfi-idus,
1561 4244 1702 4299 rege
1750 4228 2120 4294 concedente,
2160 4229 2342 4285 immo
2393 4228 2650 4283 multum
2708 4226 3021 4298 gaudente,

921 4312 1142 4384 primos
1174 4310 1490 4382 provincias
1538 4310 1711 4367 duces
1747 4328 1816 4367 ac
1850 4310 2071 4368 milites
2116 4329 2280 4368 sacro
2315 4312 2476 4368 fonte
2512 4310 2815 4378 abluebat3
2866 4327 3025 4396 pres-

925 4390 1120 4464 byteri
1167 4407 1307 4446 vero
1341 4390 1433 4444 sui
1485 4395 1757 4445 caeteram
1804 4390 2055 4462 plebem.
2127 4392 2287 4447 Ante
2340 4393 2499 4448 enim
2540 4382 2665 4448 hoc
2708 4395 2835 4446 tota
2876 4400 3025 4467 ipsa

921 4468 1223 4543 provincia
1274 4467 1476 4525 Divini
1527 4469 1783 4525 nominis
1834 4475 1895 4524 et
1945 4468 2082 4525 fidei
2131 4475 2257 4525 erat
2290 4470 2517 4541 ignara,
2567 4476 2783 4543 praeter
2827 4486 3027 4540 regem

923 4560 1101 4625 atque
1155 4551 1442 4629 reginam.
1539 4552 1962 4624 Evangelizans
2031 4557 2230 4610 autem
2288 4555 2455 4625 genti
2520 4555 2845 4628 episcopus,
2908 4570 3031 4609 non

923 4636 1117 4693 solum
1169 4652 1300 4692 eam
1348 4635 1423 4693 ab
1473 4652 1737 4693 aerumna
1790 4640 2089 4708 perpetuae
2147 4636 2562 4705 damnationis,
2619 4655 2827 4695 verum
2877 4642 2941 4692 et
2996 4652 3035 4691 a

925 4719 1090 4776 clade
1145 4718 1388 4774 infanda
1432 4718 1768 4791 temporalis
1828 4718 2101 4775 interitus
2151 4720 2383 4793 eripuit.
2483 4720 2785 4793 Siquidem
2842 4719 3035 4776 tribus

927 4802 1097 4858 annis
1143 4807 1281 4857 ante
1332 4800 1646 4859 adventum
1681 4802 1810 4874 ejus
1859 4802 1925 4859 in
1971 4802 2335 4875 provinciam
2384 4803 2553 4875 nulla
2601 4805 2726 4862 illis
2779 4804 2846 4861 iu
2894 4802 3039 4860 locis
