3600 5800
861 835 988 895 244
1478 846 1640 895 vrrA
1687 846 1930 896 sANc'rl
1974 847 2337 909 JOHANNIS,

519 1048 634 1098 who
659 1063 760 1097 was
786 1065 816 1097 a
857 1035 1184 1097 finetenus
1245 1033 1318 1095 in
1384 1032 1633 1098 Christi
1695 1035 2144 1119 perseveravit
2159 1034 2185 1074 ¹
2248 1034 2507 1101 militia.
2630 1034 2969 1102 Subduxit

519 1113 805 1237 Ῑῶἶξίἐῶξθ,
857 1136 1069 1221 primo
1135 1156 1407 1199 manum
1469 1135 1696 1201 ferulae
1760 1137 2084 1202 Theodori
2153 1138 2637 1224 archipraesulis
2689 1137 2964 1215 cantiae,

860 1239 1046 1323 cujus
1111 1239 1426 1304 doctrinis
1487 1245 1787 1305 accurate
1810 1237 1835 1277 ²
1886 1240 2238 1306 institutus
2284 1262 2326 1306 a
2371 1263 2626 1308 summo
2686 1241 2968 1308 Doctore

858 1361 1188 1404 summum
1234 1339 1611 1405 conscendit
1650 1341 1904 1425 apicem
1945 1340 2393 1428 philosophiae.
2487 1342 2711 1428 Hujus
2757 1338 2968 1409 e‘xcel-

524 1467 626 1542 apd
648 1480 810 1515 some·
857 1443 1081 1507 lentiae
1156 1448 1465 1508 evocatus
1540 1443 1757 1529 gratia
1831 1443 1904 1506 in
1970 1446 2367 1510 monasterio
2444 1444 2969 1512 Streneshalensi

524 1539 647 1581 ‘'¹¹³¹“
670 1548 702 1579 ⁸
860 1542 1218 1627 aliquantis
1264 1543 1598 1608 detinetur
1659 1544 1891 1608 diebus
1951 1545 2038 1608 ab
2091 1545 2344 1610 Elfieda
2388 1546 2738 1611 abbatissa„
2834 1545 2967 1610 Sed

521 1599 825 1726 &siff-&at
864 1643 1144 1709 clemens
1189 1642 1371 1708 Deus
1402 1648 1667 1708 tantum
1712 1644 1939 1708 lumen
1968 1666 2102 1709 non
2146 1666 2376 1730 passus
2409 1646 2524 1711 diu
2572 1646 2827 1711 modico
2864 1646 2962 1708 in-

863 1744 1040 1810 cludi
1086 1744 1329 1821 locell0‚
1364 1745 1675 1810 eductum
1722 1747 1803 1810 de
1836 1746 2052 1812 medio
2071 1745 2097 1784 ³
2140 1746 2420 1813 latibulo
2450 1747 2769 1834 imposuit
2812 1762 2964 1812 can-

524 1858 676 1909 Matt.
692 1876 737 1945 xj.
757 1864 833 1910 15.
863 1847 1142 1924 delabro,
1177 1852 1257 1911 ut
1286 1846 1589 1912 omnibus
1636 1847 1886 1914 luceret
1929 1848 2452 1934 ingredientibus
2498 1850 2571 1914 111
2602 1849 2796 1914 domo
2826 1870 2961 1913 sua.
3050 1940 3059 1951 ό

1603 2103 2051 2187 [CAPITULUM
2099 2104 2217 2189 ΙΙ.]

905 2255 1001 2319 De
1046 2251 1536 2340 proedicatione
1588 2252 1829 2319 Samo:
1873 2253 2220 2320 Johannis
2273 2262 2332 2321 et
2381 2252 2697 2321 doctr‘e'ma
2750 2259 2907 2319 ante

1664 2353 2134 2440 episcopatum.

520 2518 661 2569 John
687 2519 770 2569 be-
949 2507 1195 2570 Exiens
1226 2527 1380 2591 ergo
1425 2506 1597 2583 inde,
1644 2506 1936 2572 fraterna
1980 2508 2417 2573 commonitus
2464 2508 2755 2583 caritate,
2787 2506 2966 2569 rudi-

510 2600 821 2715 ffissffgssary
857 2609 982 2673 bus
1028 2608 1246 2674 adhuc
1289 2607 1658 2694 Anglorum
1688 2608 1951 2694 populis
1997 2610 2275 2673 verbum
2320 2609 2449 2673 Dei
2521 2610 2724 2694 coepit
2767 2629 2966 2672 evan-

523 2717 624 2765 and
648 2732 676 2765 a
856 2708 1150 2796 gelizare.
1245 2708 1498 2774 Divina
1571 2714 1796 2774 autem
1868 2707 2125 2772 affatim
2202 2708 2523 2793 praeditus
2597 2707 2964 2793 largitione,

513 2781 779 2855 preaener.
857 2811 1178 2878 facundus
1245 2811 1468 2875 rhetor
1532 2815 1673 2874 erat
1757 2809 1833 2871 in
1897 2809 2248 2872 verborum
2338 2809 2541 2894 digna
2629 2807 2962 2872 effusione.

858 2912 1205 2977 Praebebat
1250 2912 1450 2975 etiam
1497 2913 1726 2974 sancta
1793 2909 1938 2973 vita
2001 2913 2479 2993 competentem
2526 2908 2818 2974 favorem
2864 2929 2966 2973 as-

857 3014 1065 3079 siduae
1111 3011 1582 3099 praedicationi,
1631 3032 1780 3076 cum
1828 3031 1869 3075 a
1917 3009 2153 3075 semita
2215 3010 2463 3075 auditae
2526 3010 2969 3076 institutionis

855 3134 1183 3199 nusquam
1229 3112 1588 3175 diverteret
1632 3109 2008 3175 exhibitum
2040 3110 2416 3196 exemplum
2463 3111 2535 3175 in
2580 3133 2649 3176 se
2698 3132 2965 3177 conver-

859 3215 1150 3281 sationis
1265 3211 1727 3277 Comitabatur
1795 3216 2117 3297 praeterea
2178 3213 2393 3277 virtus
2456 3212 2584 3277 Dei
2647 3212 2968 3277 virtutem

856 3317 1042 3383 verbi
1075 3316 1195 3393 sui,
1229 3319 1298 3380 et
1342 3314 1749 3380 sanabantur
1791 3335 1912 3401 per
1955 3323 2107 3379 eum
2153 3336 2378 3380 omnes
2395 3313 2422 3352 ⁴
2465 3314 2726 3392 infirmi,
2772 3321 2852 3379 ut
2896 3315 2969 3379 in

855 3418 980 3483 hoc
1023 3417 1204 3482 fideli
1234 3436 1423 3481 servo
1471 3414 1607 3481 Suo
1652 3415 1995 3501 promissio
2041 3415 2416 3480 firmaretur
2462 3414 2730 3492 Christi,
2764 3416 2967 3503 signa,

522 3528 665 3579 John
687 3528 791 3577 xiv.
857 3519 1091 3603 inquit,
1141 3540 1290 3604 quse
1339 3540 1449 3604 690
1489 3517 1677 3604 famo
1731 3526 1790 3584 et
1842 3540 1951 3584 vos
1989 3515 2274 3604 facietis,
2308 3525 2366 3583 et
2412 3518 2682 3602 ‘majora
2727 3517 2971 3584 how-mn

524 3599 599 3644 ¹²·
848 3619 1135 3706 faciatis.
1228 3619 1446 3685 Tanta
1490 3626 1717 3685 autem
1749 3619 2005 3684 ditatus
2048 3619 2265 3705 gratia
2295 3618 2712 3697 Divinitas,
2745 3640 2966 3705 aecep-

858 3726 1003 3786 tum
1050 3721 1377 3786 talentum
1426 3721 1697 3787 Domini
1743 3722 1848 3785 sui
1894 3720 2079 3785 vario
2125 3717 2529 3805 multiplicat
2575 3720 2843 3798 foenore,
2890 3725 2969 3784 ut

859 3825 929 3888 in
975 3824 1294 3911 gaudium
1341 3824 1611 3889 Domini
1658 3823 1761 3887 sui
1808 3822 1966 3887 laeta
2010 3822 2292 3886 intraret
2336 3823 2697 3889 vocatione.

488 3943 602 3994 'He
625 3959 728 3993 was
951 3927 1321 3992 Literarum
1367 3927 1543 3991 enim
1589 3923 1886 3990 affluenti
1933 3923 2229 3987 imbutus
2276 3924 2479 4010 copia,
2527 3925 2600 3989 in
2661 3926 2968 3990 docendis

521 4010 728 4126 ξέζξζω
859 4029 1198 4115 discipulis
1262 4029 1397 4094 suis
1465 4027 1689 4092 solerti
1755 4025 2052 4090 instabat
2113 4026 2506 4113 vigilantia3
2568 4028 2744 4093 inter
2806 4048 2969 4113 quos

521 4142 625 4191 and
646 4112 790 4218 Βρὲα
859 4130 1123 4208 Bedam‚
1171 4130 1286 4215 qui
1331 4129 1507 4192 inter
1549 4128 1844 4193 doctores
1889 4125 2175 4193 ecclesiae
2220 4128 2433 4194 clarus
2477 4129 2774 4206 habetur,
2822 4149 2970 4195 earo

519 4207 737 4323 ζζῗξοξξ.
858 4232 1097 4298 affectu
1194 4251 1314 4315 pro
1389 4227 1772 4313 capacitatis
1871 4248 2010 4292 suae
2086 4228 2311 4315 vigore
2413 4229 2971 4315 amplectebatur3

859 4354 1055 4418 quem
1100 4334 1362 4397 secutus
1406 4329 1774 4393 industrius
1838 4328 2226 4406 tirunculus,
2273 4350 2316 4394 a
2358 4334 2548 4395 tanto
2612 4330 2969 4416 paedagogo

857 4433 1204 4498 affluenter
1267 4431 1583 4507 imbutus,
1631 4434 1701 4495 et
1746 4451 1833 4494 ex
1877 4428 2205 4513 impositis
2226 4429 2251 4467 ⁶
2322 4429 2718 4516 EvangeliiS,
2781 4436 2851 4496 et
2895 4431 2968 4493 in

930 4629 943 4660 ¹
971 4629 1341 4693 perseveravit]
1381 4626 1613 4693 perstitit,
1638 4627 1708 4677 A.
2037 4625 2057 4657 ⁴
2090 4627 2278 4694 omnes]
2318 4628 2516 4692 quique,
2541 4629 2609 4677 A.

926 4704 949 4737 ²
980 4705 1242 4771 accurate]
1284 4723 1344 4756 ac
1368 4723 1489 4757 cura
1510 4712 1634 4767 erat,
1659 4707 1725 4756 A.
2024 4699 2055 4735 '⁵
2090 4723 2154 4754 ex
2176 4707 2442 4772 impositis]
2471 4706 2525 4756 in
2547 4703 2879 4768 exponendis,
2901 4702 2971 4752 A.
3004 4740 3013 4750 .

921 4783 947 4814 ³
980 4781 1165 4846 medio]
1205 4782 1379 4844 modii,
1401 4783 1469 4833 A.
