3600 5800
475 1469 682 1518 wilfrid

473 1536 680 1585 reaches

475 1604 655 1659 Rome,

477 1779 644 1828 where
667 1779 731 1828 hc

480 1844 626 1911 gains
647 1845 726 1894 his

479 1927 646 1961 cause.

483 2385 691 2436 wilfrid

481 2460 680 2502 returns
703 2460 756 2501 to

480 2519 735 2632 ffpgland,

481 2649 679 2725 thu-own

811 857 936 918 232
1474 855 2009 924 BREVILOQ‘UIUM
2056 865 2238 912 vrrAE:

807 1055 1127 1140 projectis»,
1175 1059 1497 1118 aeternum
1544 1052 1877 1117 Gehennae
1923 1051 2298 1117 incendium
2343 1051 2560 1116 avaris
2604 1051 2914 1116 fratrum-

808 1179 934 1241 que
979 1154 1427 1240 proditoribus
1487 1154 1885 1238 imprecatus
1930 1159 2046 1216 est.
2141 1152 2305 1232 Quae
2349 1174 2452 1217 res
2498 1152 2913 1217 securitatem

811 1257 1117 1321 Wilfrido
1163 1257 1234 1319 in
1280 1256 1423 1341 ipsa
1467 1262 1645 1320 terra
1689 1254 1999 1318 manendi
2047 1254 2267 1333 dedit3
2311 1261 2380 1319 et
2409 1254 2557 1319 ideo
2588 1275 2737 1319 cum
2768 1279 2919 1317 nova
2940 1262 3176 1322 Eadmer,

813 1369 924 1424 Dei
962 1369 1150 1440 plebe,
1190 1360 1445 1424 intrans
1492 1364 1559 1423 et
1612 1358 1854 1434 exiem,
1902 1356 2040 1422 illic
2084 1366 2337 1420 hiemem
2386 1370 2570 1421 totam
2612 1357 2846 1443 exegit.
2941 1344 3050 1393 (Ἆρ’
3076 1344 3204 1378 m‘

905 1463 1060 1528 Post
1104 1462 1246 1529 haec
1292 1470 1548 1547 recepto
1580 1462 1813 1525 itinere
1861 1460 2136 1525 Romam
2173 1460 2376 1537 vadit,
2425 1481 2687 1526 causam
2734 1481 2919 1525 suam

812 1588 1027 1632 coram
1072 1586 1245 1651 papa
1287 1563 1635 1650 Agathone
1682 1563 1752 1626 in
1800 1561 2096 1626 Romano
2141 1561 2413 1626 concilio
2459 1561 2615 1647 agit.
2716 1560 2918 1627 Oum-

813 1691 940 1754 que
1000 1667 1383 1754 diligentius
1428 1665 1766 1750 negotium
1814 1664 1955 1748 ejus
2001 1664 2072 1726 in
2118 1664 2259 1748 ipso
2306 1662 2576 1729 concilio
2631 1663 2913 1729 discute-

815 1777 1009 1848 retur,
1041 1772 1126 1835 ab
1157 1792 1226 1834 re
1258 1767 1595 1855 pontificio
1642 1765 1871 1851 pulsus
1917 1774 2318 1845 comprobatus
2377 1778 2488 1839 est,
2523 1766 2765 1850 quippe
2796 1768 2912 1851 qui
2940 1774 3081 1853 Ihm...
3097 1790 3212 1841 cap.

811 1886 872 1935 et
919 1879 1032 1934 fide
1068 1879 1407 1943 catholicus,
1460 1874 1529 1933 et
1572 1888 1614 1932 a
1658 1872 2040 1953 contemptu
2107 1867 2565 1932 mandatorum
2611 1868 2912 1953 primatis
2936 1855 3099 1891 ω’

813 1972 1089 2058 Angliae,
1137 1992 1255 2056 pro
1319 1992 1448 2056 quo
1495 1970 1779 2034 maxime
1844 1969 2299 2055 impetebatur,
2364 1970 2676 2034 immunis
2729 1976 2831 2034 est
2875 1991 2916 2034 a

815 2074 1067 2140 cunctis
1113 2083 1400 2137 inventus.
1514 2071 1927 2156 Quapropter
1993 2071 2295 2156 synodali
2360 2072 2690 2137 sententia
2732 2072 2918 2137 abso-

815 2176 1011 2251 lutus,
1076 2179 1144 2239 et
1207 2174 1596 2240 auctoritate
1660 2173 1832 2238 sedis
1883 2173 2277 2258 Apostolicae
2340 2174 2563 2251 fultus,
2610 2173 2921 2261 Angliam

815 2276 1186 2341 revertitur.

909 2377 1190 2443 Praefato
1222 2384 1445 2442 autem
1480 2378 1620 2463 regi
1668 2377 1930 2443 chrido
1961 2384 2030 2441 et
2074 2378 2555 2464 archiepiscopo
2585 2378 2922 2444 Theodoro

816 2479 1044 2544 literas
1090 2478 1511 2563 Apostolicas
1563 2478 1871 2554 deferens,
1912 2478 2238 2562 judicium
2285 2480 2411 2543 sibi
2476 2486 2545 2544 et
2588 2479 2923 2564 justitiam

817 2580 960 2643 fieri
1007 2579 1314 2664 postulat.
1409 2579 1661 2643 Aderat
1712 2599 1791 2643 ea
1842 2584 2231 2664 tempestate
2275 2586 2636 2644 memorata
2681 2581 2925 2665 conjux

481 2713 706 2777 intopns
709 2731 790 2765 on
818 2681 988 2766 regis
1049 2679 1365 2744 maledico
1412 2700 1520 2742 ore
1566 2680 1975 2744 concordiam
2036 2681 2327 2755 turbans,
2375 2681 2592 2744 virum
2639 2680 2767 2744 Dei
2813 2681 2922 2744 de-

815 2781 1090 2846 latorem
1136 2781 1496 2855 nominanS,
1529 2801 1679 2844 eum
1725 2801 1858 2845 non
1904 2780 2280 2865 episcopatu
2309 2781 2422 2844 sed
2468 2781 2647 2846 omni
2692 2802 2922 2865 oppro-

718 2873 722 2876 ’
821 2883 963 2948 brio
1001 2882 1278 2968 dignum
1320 2880 1680 2947 clamitans.
1777 2879 2244 2961 Quid-multa?
2334 2881 2581 2968 Regius
2611 2881 2791 2947 furor
2836 2905 2923 2947 ex

490 4415 573 4465 He
595 4414 736 4464 heals

486 4481 576 4530 the
599 4480 776 4529 wifeo

491 4545 800 4610 hiee.skepr

816 2985 1034 3050 verbis
1079 2983 1367 3048 infandae
1408 2982 1700 3047 mulieris
1745 2983 2161 3062 accenditur3
2207 2983 2489 3049 Sanctus
2518 2984 2645 3049 Dei
2692 3007 2924 3071 oppro—

817 3087 979 3151 briis
1010 3091 1078 3150 et
1108 3084 1520 3150 contumeliis
1551 3085 1780 3148 multis
1811 3083 2093 3149 afficitur
2118 3109 2133 3164 ;
2177 3085 2263 3151 ad
2294 3085 2602 3150 ultimum
2635 3087 2705 3151 in
2744 3092 2923 3152 tene-

819 3188 993 3252 brosi
1039 3186 1311 3252 carceris
1357 3191 1547 3251 antro
1593 3186 1859 3252 vinctus
1908 3185 2283 3253 recluditur.
2359 3187 2605 3253 Verum
2654 3189 2769 3253 ubi
2823 3196 2925 3256 est

819 3292 889 3355 in
935 3310 1253 3356 carcerem
1318 3292 1555 3364 trusus,
1602 3308 1758 3352 mox
1822 3287 2035 3371 ruptis
2098 3287 2381 3353 vinculis
2445 3288 2923 3368 deambulabat,

822 3390 1182 3456 Dominum
1226 3387 1573 3464 laudande,
1606 3387 1875 3453 solutus.
1973 3387 2165 3467 Quod
2194 3410 2343 3454 cum
2374 3391 2512 3477 regi
2543 3394 2927 3458 nuntiatum

817 3494 1067 3568 fuisset,
1114 3491 1262 3556 aliis
1308 3489 1591 3555 vinculis
1651 3491 1738 3554 ad
1774 3489 1897 3555 hoc
1943 3491 2159 3575 ipsum
2219 3492 2481 3557 noviter
2525 3493 2716 3559 factis
2777 3518 2927 3561 eum

807 3594 1115 3658 ‚strictius
1159 3592 1397 3657 vinciri
1457 3591 1783 3676 praecepit.
1879 3590 2009 3655 Sed
2069 3592 2184 3656 ubi
2231 3593 2499 3659 vincula
2542 3595 2687 3680 ipsa
2745 3618 2926 3663 sanc-

814 3702 966 3759 tum
1031 3716 1262 3778 corpus
1326 3693 1812 3778 contingebant,
1879 3693 2106 3758 statim
2170 3711 2273 3759 aut
2327 3710 2501 3776 rupta
2540 3704 2925 3772 dissiliebant,
2952 3706 3078 3757 Ibid.
3099 3719 3218 3782 pap.

815 3809 922 3859 aut
959 3809 1118 3858 certe
1155 3802 1419 3873 colligari
1456 3820 1571 3870 non
1606 3803 1864 3857 valentia
1908 3794 2062 3859 laxa
2107 3803 2392 3860 cadebant
2406 3846 2419 3859 .
2516 3796 2929 3883 Quapropter
2953 3787 3130 3823 mn

820 3894 1200 3963 custodibus
1260 3893 1731 3979 multiplicatiS‚
1780 3916 2006 3958 servus
2052 3896 2177 3960 Dei
2224 3897 2469 3963 arctius
2514 3897 2706 3963 solito
2750 3904 2928 3964 tene-

823 3999 1034 4072 batur,
1083 3996 1243 4061 seris
1293 3995 1585 4079 undique
1649 3994 2003 4060 offirmatis.
2113 4005 2488 4077 Intempesta>
2536 4020 2691 4064 vero
2744 4010 2927 4065 noctis

823 4107 1068 4176 silentio,
1102 4099 1260 4162 dum
1307 4097 1699 4162 famulatum
1730 4119 1924 4161 suum
1970 4097 2367 4183 persolveret
2399 4100 2678 4178 Christo,
2712 4103 2930 4167 subito

826 4220 1042 4265 carcer
1108 4205 1290 4263 totus
1359 4199 1598 4276 illuxit,
1665 4199 2092 4284 custodesque
2176 4221 2414 4314 magno
2476 4202 2710 4268 timore
2778 4225 2926 4269 con-

827 4300 1043 4365 cussit.
1139 4300 1403 4365 Interea
1446 4300 1502 4363 is
1549 4299 1673 4364 sub
1718 4300 1905 4385 cujus
1949 4307 2122 4365 nutu
2167 4301 2272 4364 vir
2324 4302 2449 4366 Dei
2496 4304 2749 4388 positus
2793 4328 2922 4370 ser-

778 4403 1126 4529 svabatun
1190 4402 1441 4467 habens
1501 4423 1772 4466 uxorem
1834 4401 2040 4488 atroci
2100 4402 2413 4489 languore
2462 4410 2789 4484 vexatam,
2845 4408 2930 4470 ad

778 4481 1143 4571 fSanctum
1177 4504 1456 4591 supplex
1499 4506 1763 4580 accedit,
1802 4527 1919 4590 pro
1965 4485 2175 4571 salute
2221 4528 2358 4571 suae
2403 4508 2699 4594 conjugis
2728 4508 2928 4573 inter-

827 4608 1015 4686 cedit,
1081 4614 1160 4672 ut
1223 4629 1368 4673 eam
1432 4608 1701 4672 visitare
1767 4607 2078 4693 dignetur
2139 4614 2457 4694 precatur,
2524 4615 2594 4673 et
2654 4610 2923 4674 obtinet.

828 4709 1210 4795 Ingreditur
1256 4709 1538 4775 Sanctus
1575 4709 1660 4774 ad
1706 4708 2046 4774 mulierem
2082 4710 2225 4796 jam
2273 4711 2805 4786 semi-mortuam,
2855 4711 2927 4773 in
