3600 5800
828 864 915 931 64
1438 876 1602 927 vm
1647 874 1975 961 mrum1
2024 832 2329 928 mrsoorr

823 1063 1125 1129 citavere.
1220 1061 1479 1150 Quippe
1526 1063 1700 1128 inter
1744 1083 1961 1148 regem
2008 1062 2585 1157 sapientissimum,
2634 1069 2703 1130 et
2748 1086 2931 1132 sanc-

825 1172 969 1230 tum
1016 1166 1234 1230 virum
1283 1164 1671 1252 praedictum
1732 1165 2086 1252 aliquando
2149 1188 2283 1252 pax
2344 1173 2413 1232 et
2473 1168 2802 1245 securitas,
2865 1175 2934 1233 et

826 1288 1015 1354 paene
1059 1269 1272 1334 omnis
1316 1268 1473 1333 boni
1517 1268 1836 1354 gaudium
1899 1269 2304 1335 abundavit:
2369 1268 2727 1355 aliquando
2776 1290 2931 1335 vero

696 1364 711 1373 ’
823 1369 1092 1456 aliquod
1138 1372 1425 1457 spatium
1458 1370 1589 1436 olla
1617 1370 1917 1435 fervente
1948 1371 2265 1456 nequitiae
2310 1372 2531 1458 plures
2578 1373 2930 1438 deteriora-

487 2095 601 2147 The
622 2056 785 2149 three*⁴

484 2177 695 2214 reasons

487 2228 547 2278 of
563 2229 697 2308 tbeir

484 2304 679 2360 eumity

462 2406 469 2415 .
485 2362 791 2414 mentioned.

479 3829 685 3883 wilfrid

478 3900 647 3950 leaves
670 3901 759 3951 the

825 1472 968 1551 vit;
1013 1476 1083 1536 et
1125 1472 1218 1538 sic
1263 1471 1505 1537 iterum
1572 1472 1645 1536 in
1709 1470 2071 1549 concordia,
2119 1477 2320 1558 atque
2366 1470 2609 1538 iterum
2682 1474 2754 1537 in
2799 1474 2930 1538 dis-

823 1573 1044 1639 cordia
1087 1573 1464 1649 alternatim
1511 1596 1627 1660 per
1670 1572 1914 1639 multos
1961 1595 2168 1639 annos
2204 1574 2276 1638 in
2323 1574 2442 1640 tali
2474 1575 2929 1642 vicissitudine

824 1675 1126 1742 viventes
1210 1676 1581 1753 manebant,
1662 1696 1868 1761 usque
1962 1676 2120 1740 <lum
2217 1682 2544 1763 postremo
2639 1678 2931 1745 maxima

823 1778 1088 1843 flamma
1132 1778 1497 1844 inimicitiae
1528 1778 2007 1855 exardescente,
2055 1778 2136 1842 de
2168 1781 2434 1865 regione
2478 1779 2925 1855 Ultra-Humf

821 1879 1155 1945 brensium
1201 1887 1463 1947 sanctus
1507 1878 1703 1945 homo
1747 1878 1875 1945 Dei
1936 1902 1978 1945 a
2039 1870 2188 1966 rege
2234 1880 2571 1948 Aldfritho
2616 1883 2927 1970 expulsus

823 1983 1103 2049 recessit.
1388 2037 1401 2049 ,

912 2084 1088 2151 Nam
1133 2085 1348 2174 prima
1391 2105 1587 2151 causa
1632 2090 1733 2151 est
1777 2084 2203 2151 dissensionis
2248 2106 2474 2151 eorum
2521 2086 2603 2151 de
2648 2088 2926 2174 antiqua

821 2188 1071 2274 origine
1134 2184 1544 2264 descendens,
1609 2187 1769 2273 quia
1837 2187 2109 2253 ecclesia
2175 2209 2325 2274 quse
2376 2188 2623 2255 Sancto
2685 2188 2881 2255 Petro
2903 2188 2925 2227 ¹

820 2289 1136 2376 Apostolo
1182 2290 1486 2355 dedicata
1531 2294 1646 2365 est,
1694 2289 2044 2354 territoriis
2105 2295 2175 2354 et
2227 2290 2744 2376 possessionibus
2788 2292 2925 2355 suis

819 2393 1065 2478 injuste
1111 2392 1429 2478 privatur.
1523 2390 1830 2457 Secunda
1881 2413 2078 2456 causa
2096 2389 2121 2429 2
2167 2398 2282 2470 est,
2330 2400 2410 2457 ut
2454 2395 2923 2460 monasterium
3033 2400 3044 2405 ”

820 2494 1285 2581 supradictum,
1333 2492 1510 2578 quod
1556 2494 1627 2557 in
1693 2493 2116 2579 privilegium
2184 2494 2374 2559 nobis
2420 2495 2804 2585 donabatur,
2853 2497 2925 2561 in

821 2595 1249 2682 episcopalem
1272 2595 1515 2667 ‚sedem
1563 2598 2046 2661 transmutatur
2066 2621 2080 2677 ;
2101 2594 2128 2634 ³
2172 2603 2242 2661 et
2306 2596 2681 2665 libertatem
2726 2598 2921 2664 relin-

820 2719 1034 2784 quere,
1089 2718 1287 2783 quam
1335 2697 1617 2762 Sanctus
1680 2696 1961 2782 Agatho,
2027 2704 2096 2762 et
2163 2699 2453 2785 quinque
2523 2723 2707 2787 reges
2774 2723 2921 2767 cen-

820 2807 1096 2866 suerunt
1125 2800 1257 2863 fixe
1304 2806 1372 2863 et
1416 2798 1692 2863 firmiter
1721 2799 2066 2885 possidere.
2159 2798 2383 2865 Tertia
2414 2801 2652 2867 deinde
2683 2824 2880 2868 causa
2897 2803 2922 2842 2

821 2909 936 2982 est,
983 2908 1062 2969 ut
1116 2902 1524 2988 jussionibus
1588 2908 1657 2966 et
1719 2901 1997 2967 decretis
2065 2901 2388 2968 Theodori
2453 2903 2920 2993 archiepiscopi

819 3005 905 3072 ab
949 3004 1327 3092 Apostolica
1372 3003 1524 3069 sede
1574 3003 1757 3069 missi
1803 3010 2100 3090 oportere
2146 3005 2420 3091 cogebat
2462 3006 2740 3084 obedire,
2787 3029 2922 3074 non

819 3107 936 3174 illa
978 3108 1354 3195 significans
1400 3107 1713 3182 canonica
1757 3111 2026 3184 statuta,
2075 3129 2223 3193 quse
2269 3108 2340 3172 in
2377 3110 2708 3195 'principio
2753 3111 2920 3196 epis-

820 3217 1089 3298 copatus
1145 3211 1247 3276 sui
1272 3210 1471 3297 apud
1518 3231 1639 3275 nos
1708 3210 1966 3297 degens,
2015 3215 2136 3276 aut
2181 3212 2253 3275 in
2314 3212 2689 3277 novissimis
2755 3219 2918 3278 tem-

818 3314 1087 3401 poribus
1150 3315 1309 3379 vitae
1370 3333 1511 3378 suas
1578 3313 1943 3389 constituit,
1999 3303 2261 3398 quando
2329 3334 2552 3379 omnes
2620 3315 2919 3382 ecclesias

817 3424 1074 3482 nostras
1125 3416 1211 3482 ad
1277 3415 1653 3482 canonicam
1722 3435 1949 3501 pacem
2030 3415 2435 3480 unanimiter
2495 3419 2919 3498 convocavit;

816 3520 931 3584 sed
993 3519 1201 3604 magis
1265 3538 1342 3582 ea
1409 3518 1682 3594 decreta,
1749 3538 1896 3602 quae
1972 3517 2204 3581 mediis
2281 3518 2684 3604 temporibus
2765 3519 2913 3596 suia

818 3620 1080 3706 quando
1125 3618 1448 3685 discordia
1492 3619 1667 3684 inter
1708 3638 1828 3682 nos
1875 3619 1946 3683 in
1993 3617 2350 3705 Bryttania
2412 3626 2642 3694 exorta
2685 3620 2913 3700 fuerat,

818 3729 1071 3889 Staltcllldd
1110 3828 1374 3890 sanctus
1404 3821 1704 3909 pontifex
1747 3826 1985 3898 noster,
2017 3822 2159 3887 haec
2189 3841 2486 3903 renuens,
2516 3825 2602 3890 ad
2632 3826 2916 3892 amicum

478 3965 661 4027 North,
689 3968 791 4017 and
816 3928 1074 3993 fidelem
1121 3923 1545 3992 Ethelredum
1592 3945 1809 4011 regem
1859 3923 2245 3991 Merciorum
2291 3927 2574 4004 accessit,
2639 3949 2918 4014 eumque

479 4043 719 4149 {³3:42³

450 4163 609 4228 ‘king
629 4167 691 4215 of

479 4229 687 4288 Mereia.

816 4051 964 4096 cum
995 4047 1234 4117 magno
1262 4027 1508 4093 honore
1539 4032 1807 4112 propter
1834 4026 2270 4093 reverentiam
2315 4028 2713 4115 Apostolicae
2744 4031 2916 4096 sedis

816 4132 1140 4218 suscepit;
1186 4137 1256 4195 et
1300 4131 1372 4193 in
1417 4128 1631 4194 multa
1657 4130 2029 4195 reverentia
2073 4129 2485 4215 episcopatus
2530 4132 2686 4217 ejus,
2720 4151 2916 4218 quem

1654 4289 1799 4295 -—-—.-——
1813 4290 1850 4294 -—
2207 4289 2428 4298 0———q-fl
2455 4293 2466 4296 -
2489 4291 2502 4296 -

887 4389 900 4418 ¹
936 4383 1064 4436 Thia
1087 4384 1375 4435 dedication
1397 4383 1567 4434 would
1587 4383 1738 4448 apply
1761 4392 1818 4434 to
1859 4389 1866 4478 ι
1976 4382 1998 4415 ²
2030 4383 2212 4450 causa]
2242 4401 2342 4435 orn.
2367 4386 2435 4436 A.

819 4465 965 4515 York
1008 4480 1066 4515 as
1111 4463 1247 4514 well'
1268 4478 1323 4515 as
1359 4469 1414 4512 to
1449 4462 1635 4527 Ripon.
1703 4461 1818 4512 The
1860 4485 1866 4528 i
1975 4463 1994 4496 ³
2023 4463 2397 4516 “Eadhaldum
2415 4466 2480 4516 de
2497 4466 2724 4517 Lindissi
2746 4482 2914 4518 rever-

818 4546 964 4596 lands
986 4543 1153 4594 which
1190 4543 1294 4593 had
1327 4546 1457 4594 been
1494 4542 1651 4593 taken
1674 4557 1819 4608 away
1908 4549 1938 4575 ⁴⁴
1975 4561 2105 4608 sum,
2151 4561 2214 4597 eo
2253 4549 2392 4613 ‘quod
2427 4548 2672 4600 Aedilred
2707 4551 2914 4614 provin-

818 4625 1071 4685 included,
1109 4622 1370 4688 probably,
1405 4622 1549 4674 those
1589 4624 1818 4673 between
1909 4632 1939 4656 “
1977 4625 2109 4676 ciam
2145 4627 2437 4690 recepisset,
2462 4628 2716 4692 Hrypensi
2753 4630 2912 4679 eccle·

815 4703 905 4754 the
928 4702 1114 4752 Ribble
1138 4703 1239 4752 and
1267 4702 1490 4763 Mersey,
1513 4711 1628 4762 etc„
1650 4701 1819 4752 which
1861 4745 1868 4768 ,
1911 4708 1940 4735 “
1980 4705 2066 4755 siae
2091 4704 2370 4769 praefecit.'’
2443 4706 2629 4771 (Beda,
2652 4707 2718 4758 iv.
2749 4709 2852 4769 12.)

816 4782 948 4832 have
969 4781 1100 4833 been
1124 4781 1417 4834 mentioned
1437 4785 1489 4831 at
1512 4794 1564 4844 p.
1588 4784 1669 4830 26.
1861 4771 1869 4837 Ι
2543 4803 2550 4809 -
