3600 5800
809 895 941 967 3¹70
1284 910 1567 959 cAnMEN
1614 909 1707 956 DE
1752 906 2247 967 PONTIFICIBUS,
2294 905 2432 955 mc.

808 1093 1201 1158 Cernentem
1248 1093 1520 1159 fratrem
1566 1092 1792 1156 morbo
1839 1088 2163 1176 culpaque
2209 1089 2469 1154 relaxat
2492 1113 2509 1169 3
2530 1086 2555 1125 ¹

808 1194 1037 1279 thue
1083 1195 1409 1280 precando
1453 1192 1697 1259 famem
1741 1191 2076 1278 projectus
2121 1191 2208 1257 ab
2251 1211 2515 1276 aequore
2559 1187 2783 1253 nautis

809 1296 1124 1375 Abstulit,
1172 1302 1242 1362 et
1285 1300 1538 1363 certum
1583 1294 1899 1381 praedixit
1943 1293 2170 1360 adesse
2213 1314 2535 1359 serenum.

810 1400 953 1465 Aut
997 1401 1324 1486 quomodo
1369 1423 1455 1466 ex
1497 1400 1725 1486 aquila
1768 1398 1989 1463 delato
2034 1399 2213 1484 pisce
2257 1396 2614 1464 cibandum

812 1499 900 1566 Se
944 1497 1320 1588 sociumque
1365 1524 1559 1567 suum
1604 1501 1952 1588 praedixit,
1982 1506 2052 1565 et
2095 1505 2197 1566 est
2240 1499 2340 1566 ita
2381 1498 2646 1566 factum.
2783 1494 2916 1564 700

811 1604 955 1669 Aut
999 1605 1325 1690 quomodo
1369 1606 1674 1671 ardentes
1717 1596 1966 1671 avertit
2009 1604 2096 1668 ab
2140 1602 2395 1669 aedibus
2439 1602 2643 1688 ignes,

813 1705 1212 1774 Incumbens
1258 1715 1558 1787 precibus,·
1581 1715 1867 1787 juvenum
1913 1726 2076 1792 quos
2123 1712 2328 1769 dextra
2362 1710 2670 1783 nequibat.
2939 1693 3099 1752 Beda*
3162 1757 3175 1769 .

813 1807 1238 1895 Daemoniaca
1281 1810 1550 1896 quidem
1595 1808 1704 1873 vel
1750 1808 2035 1894 qualiter
2079 1789 2250 1880 uxor
2292 1807 2379 1872 ab
2422 1805 2537 1870 illo
2939 1757 3250 1890 thlifffe,

815 1908 924 1974 Sit
967 1917 1215 1989 sanata,
1260 1911 1445 1997 prius
1491 1932 1690 1996 quam
1735 1916 1912 1977 tecta
1949 1908 2249 1996 rogantis
2293 1906 2542 1972 inisset.

475 2007 783 2127 ssffitdof
813 2010 1165 2079 Daemones
1209 2018 1331 2079 aut
1374 2013 1700 2099 quomodo
1746 2012 2030 2079 Sanctus
2061 2011 2143 2076 de
2173 2010 2387 2077 Fame
2417 2007 2739 2094 malignos
2785 2003 2914 2072 705

476 2090 773 2194 cathale.
816 2113 1181 2201 Expulerit,
1219 2115 1425 2201 juxta
1468 2115 1713 2181 faciens
1759 2114 1888 2180 sibi
1932 2119 2113 2181 tecta.
2155 2111 2484 2178 manendi.
2629 2122 2636 2128 ·

476 2208 720 2259 miracles.
817 2215 923 2279 Ex
966 2217 1135 2284 sicco
1178 2223 1258 2282 ut
1300 2217 1624 2303 liquidam
1664 2216 1988 2303 produxit
2031 2217 2277 2303 cespite
2321 2213 2682 2301 lympham,

816 2318 984 2399 Quae
1028 2319 1116 2385 ad
1159 2323 1392 2385 votum
1436 2318 1646 2404 patris
1689 2318 2052 2404 praestabat
2095 2318 2169 2382 in
2214 2340 2322 2384 ore
2357 2336 2680 2402 saporem.

816 2420 1118 2501 Qualiter
1161 2421 1302 2507 ipse
1347 2420 1476 2485 sibi
1520 2441 1796 2485 messem
1843 2421 2120 2486 sevisset
2162 2420 2236 2485 in
2279 2440 2452 2505 agi-0,
3033 2472 3044 2477 -

815 2522 905 2587 Et
947 2523 1245 2589 volucres
1290 2524 1492 2588 verbo
1536 2528 1803 2588 tantum
1849 2520 2209 2608 pepulisset
2251 2522 2340 2587 ab
2383 2520 2517 2585 illa.
2789 2513 2923 2583 710

811 2622 914 2688 Ut
956 2644 1137 2689 mare
1181 2627 1332 2690 cuin
1377 2623 1591 2689 beluis
1640 2623 1885 2690 Sancto
1929 2623 2175 2689 servire
2221 2622 2485 2689 solebat.

811 2722 1107 2789 Plurima
1148 2722 1439 2789 veridico
1483 2723 1801 2808 praedixit
1846 2727 1915 2787 et
1959 2744 2069 2787 ore
2113 2722 2357 2798 futura„

810 2823 915 2890 De
957 2847 1027 2890 se
1073 2825 1285 2912 deque
1327 2824 1494 2904 aliis,
1541 2846 1706 2917 quae·
1735 2825 2047 2912 praescius
2090 2829 2250 2890 ante
2293 2821 2580 2888 videbat.

814 2926 1116 3009 Qualiter
1157 2928 1353 2994 uxori
1397 2927 1671 3006 comitis,
1718 2928 1829 2994 cui
1872 2927 2143 2993 miserat
2186 2927 2435 2993 undam

811 3027 1098 3109 Sacram,
1143 3030 1442 3096 restituit
1486 3029 1760 3116 depulsa
1802 3034 1988 3115 peste
2033 3029 2332 3096 salutem.
2785 3021 2915 3090 715

811 3129 1185 3198 Chrismate
1229 3133 1325 3198 sic
1368 3132 1703 3218 quandam
1749 3135 2102 3198 sanaverat
2128 3130 2285 3217 'ipse
2330 3131 2717 3216 perunctam

810 3234 876 3298 A
920 3236 1148 3302 morbo
1191 3235 1436 3313 lateriS,
1483 3235 1851 3322 capitisque
1897 3234 2118 3300 dolore
2162 3232 2467 3320 puellam,

811 3334 915 3401 Ut
959 3337 1344 3404 benedictus
1388 3338 1553 3403 item
1597 3336 1859 3402 delatus
1901 3335 2093 3422 panis
2136 3335 2224 3401 ab
2269 3334 2384 3400 illo

810 3436 1114 3504 Inmissis
1159 3438 1453 3526 lymphis
1499 3439 1832 3525 quendam
1877 3443 2229 3504 sanaverat
2273 3458 2541 3523 aegmm.

813 3539 1118 3621 Qualiter
1160 3548 1281 3608 aut
1316 3542 1637 3629 juvenem
1684 3541 2081 3608 moriturum
2124 3540 2296 3605 forte
2340 3539 2561 3605 viator
2785 3534 2918 3605 '720

810 3642 1146 3729 Repperit,
1193 3646 1440 3711 orando
1486 3645 1595 3712 cui
1637 3643 1932 3710 reddidit
1974 3644 2116 3729 ipse
2166 3642 2469 3708 salutern.

811 3743 914 3810 Ut
959 3747 1108 3832 pius
1153 3751 1353 3834 atque
1398 3753 1603 3834 pater,
1650 3746 1878 3813 morbo
1921 3750 2230 3811 vastante
2274 3745 2648 3821 Britannos,

810 3845 1137 3915 Praedixit
1181 3851 1380 3916 matri
1424 3850 1698 3936 natique
1742 3849 2106 3934 domusque
2152 3847 2450 3914 salutem.

813 3948 1117 4030 Qualiter
1159 3958 1282 4018 aut
1324 3952 1615 4018 animam
1660 3951 1942 4037 pastoris
1987 3951 2073 4016 ab
2115 3950 2346 4015 arbore
2387 3949 2559 4035 lapsi

809 4051 1160 4138 Angelicos
1205 4054 1365 4120 caelo
1409 4059 1631 4121 coetus-
1663 4053 1908 4119 inferre
1952 4053 2226 4131 videret,
2782 4050 2912 4120 725

808 4154 1034 4241 Atque
1079 4178 1273 4221 suum
1317 4161 1646 4244 aegrotans
1689 4160 2038 4223 curaverat
2081 4156 2222 4241 ipse
2266 4153 2664 4233 ministrum,

810 4255 1134 4324 Profiuvii
1177 4261 1434 4325 ventris
1477 4259 1697 4325 fuerat
1741 4258 1861 4344 qui
1905 4258 2059 4323 tabe
2102 4262 2435 4344 gravatus

812 4357 1116 4442 Qualiter
1158 4362 1508 4430 undecimo
1553 4366 1705 4448 post
1748 4365 2029 4427 mortem
2074 4380 2309 4446 corpus
2353 4359 2428 4424 in
2470 4380 2649 4426 anno

879 4632 898 4666 ¹
931 4631 1046 4686 'l'he
1089 4635 1276 4686 author
1308 4636 1402 4686 has
1438 4638 1592 4687 made
1631 4650 1723 4686 use
1768 4635 1833 4684 of
1909 4650 2002 4686 cur
2022 4634 2078 4685 in
2109 4632 2197 4686 the
2219 4634 2368 4685 order
2399 4633 2458 4685 in
2477 4632 2643 4687 which
2674 4634 2803 4700 they
2825 4650 2914 4685 are

808 4712 1001 4763 Beda's
1057 4713 1177 4764 Life
1232 4714 1294 4764 of
1344 4715 1610 4768 Cuthbert.
1706 4712 1821 4765 The
1906 4717 2063 4783 given
2084 4715 2137 4769 in
2163 4718 2276 4770 that
2299 4719 2460 4769 work.
2528 4717 2640 4768 The
2673 4716 2915 4768 Men-ical

812 4790 1049 4843 miracles
1071 4791 1192 4843 here
1212 4791 1394 4859 briefly
1408 4794 1701 4847 mentioned
1733 4809 1821 4844 oc-
1906 4796 2022 4848 Life
2045 4798 2116 4863 by
2137 4798 2284 4849 Beda
2303 4797 2395 4849 has
2418 4799 2549 4848 been
2572 4797 2680 4847 also
2702 4797 2846 4847 used.
