3600 5800
1243 842 1291 921 s'.
1340 871 1686 921 Jonmms
1733 868 2051 918 Emsoom.
2561 849 2690 917 317

588 1061 934 1123 consecuta
996 1063 1111 1134 est,
1160 1057 1287 1121 iter
1347 1056 1669 1141 arripiens
1690 1054 1714 1092 ¹
1775 1054 2094 1151 redeundi
2141 1053 2451 1131 domum3
2510 1057 2688 1116 retu-

586 1157 798 1244 litque
863 1159 1030 1223 mihi
1091 1164 1320 1244 postea
1363 1158 1543 1222 domi
1590 1156 1873 1242 qualiter
1933 1156 2023 1221 sit
2067 1160 2296 1222 curata
2340 1176 2457 1240 per
2501 1154 2691 1217 invo-

587 1262 911 1327 cationem
954 1260 1242 1327 nominis
1294 1259 1596 1345 praedicti
1644 1257 2064 1325 confessoris.

588 1513 938 1602 [Praefatoe
1002 1513 1321 1582 mulieris
1387 1514 1583 1592 socia,
1632 1521 1892 1580 twmore
1954 1513 2140 1581 tibiae
2197 1519 2449 1589 veoeata,
2504 1510 2694 1578 sani-

1274 1622 1479 1682 tatem
1521 1615 1998 1703 consequitur]

676 1787 1023 1854 Referebat
1053 1787 1357 1852 similiter
1387 1787 1529 1853 haec
1558 1787 1785 1851 eadem
1819 1785 1983 1850 mihi
2017 1786 2099 1850 de
2129 1785 2417 1869 quadam
2456 1783 2695 1869 puella,
2723 1792 2778 1841 A
2799 1789 2966 1840 friend

590 1889 838 1955 scilicet
882 1889 1090 1955 sodali
1137 1910 1272 1966 sua,
1305 1910 1454 1973 quae
1486 1908 1705 1953 secum
1750 1888 2002 1973 pariter
2045 1887 2214 1951 ierat
2243 1886 2330 1951 ad
2376 1885 2696 1951 Sanctum
2723 1857 3038 1973 ‘geffissoiffi-

588 1990 924 2055 Andream
955 1991 1135 2076 apud
1168 1990 1461 2056 Scotiam
1489 2014 1504 2068 ;
1548 1989 1665 2053 sed
1696 1989 1854 2053 inde
1898 1988 2233 2053 redeundo
2285 1987 2697 2052 intumuerat
2725 2004 2939 2065 woman,

593 2092 763 2156 tibia
808 2092 950 2177 ejus
996 2113 1146 2157 cum
1209 2091 1392 2177 pede,
1439 2091 1659 2156 dolore
1727 2090 1935 2155 nimio
1979 2075 2302 2177 oppressa.
2397 2088 2698 2175 Cumque
2721 2064 2986 2172 {rem-ng?

592 2214 711 2278 per
753 2192 1008 2278 aliquot
1039 2193 1179 2258 dies
1225 2193 1504 2279 languor
1534 2193 2032 2279 ingravesceret,
2065 2193 2200 2259 acri
2246 2192 2449 2278 coepit
2479 2191 2700 2258 dolore
2725 2189 3014 2247 Andrew’s,

596 2294 880 2380 fatigari,
950 2295 1127 2380 quod
1189 2280 1606 2379 nequaquam
1654 2294 1961 2380 progredi
2026 2316 2095 2359 se
2155 2315 2343 2379 posse
2407 2294 2668 2359 dicebat
2688 2316 2704 2372 ;
2726 2257 2939 2371 ξζῆθῃ
2956 2319 3042 2385 leg
3071 2292 3078 2297 ’

592 2395 890 2481 fessaque
966 2397 1226 2473 resedit,
1304 2418 1711 2482 conquerens
1778 2396 2066 2462 multum
2132 2397 2309 2482 quod
2355 2397 2703 2483 ignorabat
2728 2389 2833 2439 ⁸¹²⁶
2852 2386 2975 2438 foot.

596 2500 921 2584 quomodo
966 2500 1395 2566 Beverlacum
1428 2500 1640 2564 redire
1685 2505 1926 2586 posset,
1969 2499 2319 2565 debilitate
2351 2500 2702 2586 doloreque

597 2601 997 2667 intolerabili
1042 2607 1301 2667 vexata
1383 2602 1752 2688 Redarguit
1781 2623 1939 2666 vero
1972 2623 2116 2666 eam
2148 2602 2433 2666 multum
2464 2602 2705 2667 sodalis

600 2703 657 2787 ej
666 2725 757 2781 uS,
778 2704 956 2789 quod
984 2703 1193 2769 nollet
1223 2704 1295 2768 in
1319 2703 1482 2769 villa
1504 2704 1808 2789 proxima
1830 2703 1947 2768 tali
1980 2704 2376 2791 aegritudine
2401 2704 2708 2790 depressa

596 2806 1084 2892 aliquantulum
1132 2807 1476 2892 quiescere,
1524 2808 1580 2872 si
1627 2807 1796 2873 forte
1844 2807 2028 2874 dolor
2057 2808 2545 2894 aliquantulum
2594 2809 2703 2873 de-

598 2908 876 2988 sisteret,
909 2914 979 2976 et
1006 2916 1232 2975 tumor
1262 2912 1627 2977 decrescere
1658 2915 1894 2997 posset.
1990 2910 2078 2975 Et
2109 2933 2258 2978 cum
2290 2911 2701 2997 aliquamdiu
2730 2922 2836 3039 1131?
2843 2935 2998 3051 ’1,ὶὲιῖ
3001 3003 3033 3036 ο

598 3010 672 3076 in
702 3011 995 3090 collibus,
1043 3034 1085 3077 a
1130 3001 1427 3098 qualibet
1461 3012 1627 3077 villa
1671 3013 1958 3089 remotiS‚
1991 3013 2239 3098 pariter
2283 3014 2494 3078 ambae
2538 3034 2701 3078 moe-
2731 3054 2994 3117 Beverley.

601 3114 788 3179 stitia
819 3114 1139 3200 depressae
1170 3114 1631 3191 consedissent,
1664 3113 1941 3178 advenit
1971 3115 2243 3198 quidam
2265 3115 2485 3180 viator
2507 3136 2702 3180 onere

600 3216 806 3280 nimio
871 3215 1176 3290 defessus,
1246 3215 1538 3279 residens
1591 3214 1795 3298 juxta
1859 3214 2005 3278 illas
2077 3215 2361 3279 multum
2425 3236 2705 3300 conque-

601 3321 820 3379 rentes
888 3315 1176 3399 qualiter
1239 3312 1669 3379 Beverlacum
1734 3313 1948 3377 redire
2013 3314 2323 3378 valerent.
2448 3312 2706 3393 Quibus

603 3414 714 3478 ille
783 3415 1137 3478 animando
1202 3412 1450 3490 intulit,
1522 3413 1784 3478 dicens:
1866 3421 1898 3447 “
1924 3412 2109 3478 Forti
2172 3414 2392 3480 animo
2460 3421 2709 3495 estot03

605 3522 639 3548 “
676 3515 819 3601 jam
880 3514 1057 3579 enim
1112 3514 1465 3579 Beverlaco
1525 3513 2021 3599 approximatis,
2070 3514 2532 3602 ecclesiamque
2593 3540 2707 3583 ve-

606 3624 639 3649 “
684 3616 960 3682 nerandi
1016 3614 1420 3680 Confessoris
1479 3613 1623 3699 jam
1690 3614 2058 3700 prospicere
2119 3617 2449 3701 potestis.''
2562 3618 2707 3684 111ae

603 3740 761 3783 vero
807 3718 1130 3806 erigentes
1176 3739 1244 3782 se
1289 3717 1376 3782 ad
1416 3717 1795 3796 videndum,
1843 3723 1922 3783 ut
1965 3718 2190 3785 videre
2235 3721 2377 3806 ejus
2421 3721 2708 3790 basilicae
2736 3732 2818 3784 On
2843 3731 3019 3798 seeing

603 3820 858 3897 turrim,
905 3823 1404 3906 prostraverunt
1463 3841 1531 3884 se
1578 3818 1649 3884 in
1695 3820 2059 3886 orationem
2121 3822 2318 3887 simul
2370 3845 2521 3890 cum
2566 3825 2706 3892 via-
2733 3799 3050 3926 ξξξὲξζῗζῗ

605 3928 746 3987 tore
777 3923 904 3987 sibi
949 3922 1285 3999 associato,
1317 3925 1624 4008 rogantes
1672 3926 1751 3985 ut
1794 3922 2163 3989 infirmanti
2193 3925 2398 3990 sorori
2442 3932 2709 3994 sanctus
2733 3930 2967 4008 walins,

603 4023 929 4089 confessor
972 4022 1019 4087 J
1019 4023 1311 4089 ohannes
1356 4022 1677 4088 medelam
1722 4024 2012 4090 tribuere
2065 4025 2463 4113 dignaretur.
2557 4028 2710 4095 Sta·
2735 3997 2903 4114 {kf-0¹3⁴

604 4126 858 4211 timque
918 4126 1124 4190 sensit
1168 4125 1431 4191 infirma
1489 4124 1793 4192 levamen
1839 4126 2082 4194 doloris
2126 4135 2195 4194 et
2257 4131 2549 4208 tumoris,
2611 4131 2711 4196 ita

602 4233 682 4291 ut
740 4228 870 4292 iter
914 4227 1225 4293 continuo
1285 4228 1604 4313 arriperet
1649 4250 1799 4294 cum
1861 4229 2067 4308 sociiS,
2119 4230 2402 4316 perfecte
2463 4233 2708 4299 sanita-

602 4335 739 4396 tem
784 4334 1146 4396 consecuta.
1271 4329 1356 4394 In
1401 4330 1688 4396 crastino
1731 4336 1958 4396 autem
2020 4332 2449 4400 Beverlacum
2503 4356 2710 4421 usque

602 4433 922 4518 pervenit,
970 4453 1257 4519 sanaque
1311 4433 1616 4520 deinceps
1684 4434 1866 4499 omni
1933 4440 2229 4523 tempore
2295 4438 2712 4523 permansit3

1168 4731 1183 4764 ¹
1219 4731 1501 4798 arripiens]
1526 4731 1637 4782 The
1658 4739 1769 4784 text
1789 4732 1884 4784 has
1906 4735 2148 4797 aperiens.
