3600 5800
893 829 1024 895 338
1664 841 1832 891 anm
1875 840 2242 895 nmmum

888 1025 1190 1102 marinas,
1252 1025 1369 1110 qui
1413 1024 1569 1090 inde
1613 1024 1741 1090 sibi
1802 1030 2104 1092 strenuos
2164 1026 2240 1090 in
2284 1025 2651 1090 subsidium
2710 1026 2990 1093 adduce-

553 1140 663 1189 The
688 1138 814 1253 king
885 1132 1036 1209 rent
1097 1125 1456 1193 bellatores.
1569 1124 2043 1195 Convenerunt
2115 1127 2324 1214 igitur
2398 1127 2831 1213 undequaque
2905 1127 2992 1193 ad

442 1220 455 1235 ’
553 1207 786 1323 m?
807 1220 840 1269 P
884 1230 1029 1317 ejus
1073 1230 1464 1296 mandatum
1506 1230 1895 1316 alienigenae
1960 1236 2029 1295 et
2089 1230 2553 1309 malefactores,
2615 1253 2693 1297 eo
2742 1231 2993 1297 animo-

888 1333 1039 1415 sius,
1088 1354 1219 1418 quo
1281 1354 1391 1399 eos
1456 1331 1889 1417 pollicebatur
1954 1332 2301 1420 stipendiis
2359 1334 2598 1420 amplis
2642 1335 2994 1411 donandos,

887 1436 1215 1522 regiisque
1260 1435 1566 1502 ditandos
1612 1436 2010 1503 muneribus.
2120 1436 2379 1502 Horum
2422 1436 2846 1522 tyrannidem
2894 1437 2994 1502 in-

889 1559 1096 1631 ermes
1127 1537 1397 1624 quidam
1427 1542 1495 1604 et
1548 1536 1905 1605 imbecilles
1949 1538 2339 1625 Angligenae
2368 1539 2812 1617 formidantes,
2843 1560 2992 1606 nec-

886 1659 1025 1707 non
1060 1644 1138 1704 et
1179 1638 1296 1704 alii
1339 1639 1471 1703 viri
1514 1639 1786 1719 strenui,
1818 1638 1999 1705 viam
2043 1640 2330 1711 mediam
2372 1641 2702 1727 eligentes,
2750 1646 2830 1705 ut
2873 1661 2994 1707 nec

554 1748 717 1811 Many
737 1762 851 1810 per·
887 1741 1065 1827 parti
1126 1742 1340 1829 regiae,
1401 1763 1523 1808 nec
1589 1742 1765 1827 parti
1826 1740 2239 1809 adhaererent
2296 1742 2631 1823 adversae;
2689 1742 2847 1808 hinc
2906 1742 2992 1809 ad

551 1814 849 1943 ῗξωζξξὲ,
888 1848 1249 1909 castrorum
1308 1843 1655 1920 tutamina,
1705 1841 1864 1908 hinc
1905 1842 1993 1915 ad
2037 1864 2405 1909 secessuum
2454 1864 2992 1929 quorumcunque

890 1947 1184 2025 latibula,
1228 1946 1386 2013 hinc
1444 1946 1531 2012 ad
1575 1946 2024 2013 coenobiorum
2082 1945 2497 2033 locorumque
2541 1947 2992 2035 religiosorum

886 2049 1209 2135 praesidia,
1272 2049 1519 2114 relictis
1587 2048 1891 2115 domibus
1957 2054 2028 2113 et
2099 2050 2292 2135 agris,
2339 2072 2489 2116 cum
2556 2050 2872 2116 uxoribus
2925 2054 2994 2114 et

886 2150 1125 2236 pueris,
1172 2173 1321 2217 cum
1384 2171 1506 2215 sua
1565 2172 1633 2215 se
1679 2149 2166 2215 transtulerunt
2208 2151 2498 2217 familia:
2561 2150 2992 2238 parvipende-

886 2253 1053 2319 bant
1112 2252 1290 2316 enim
1325 2251 1657 2337 jacturam
1703 2251 1912 2317 totius
1959 2252 2382 2341 possessionis
2426 2274 2580 2331 suae,
2642 2251 2994 2318 dummodo

886 2353 1247 2440 corporalia
1305 2352 1643 2438 supplicia,
1692 2352 2154 2438 exquisitaque
2223 2359 2567 2432 tormenta,
2636 2375 2783 2440 quae
2844 2352 2992 2418 aliis

552 2462 705 2513 Some
720 2478 790 2527 go
806 2472 861 2515 to
887 2454 1260 2522 didicerunt
1302 2454 1506 2532 illata,
1554 2474 1817 2539 quoquo
1862 2453 2056 2519 modo
2124 2460 2392 2539 possent
2445 2438 2727 2521 evitare.
2819 2453 2994 2533 Quia

549 2527 822 2645 {effi-geg,
882 2576 1041 2622 vero
1099 2555 1330 2624 villam
1376 2554 1712 2620 Beverlaci
1757 2554 2247 2641 privilegiatam
2292 2561 2617 2621 noverant
2673 2577 2716 2620 a
2761 2554 3026 2620 diebus‘

550 2660 827 2729 privileged
882 2657 1192 2744 antiquis,
1291 2655 1730 2741 confugerunt
1804 2676 1885 2723 eo
1979 2676 2064 2720 ex
2161 2654 2462 2740 partibus
2537 2656 2991 2742 adjacentibus

551 2726 712 2791 ΡΜ·
886 2760 1170 2846 plurimi,
1217 2758 1347 2823 Dei
1390 2756 1620 2824 oonfisi
1662 2757 1971 2842 praesidio
2016 2762 2087 2821 et
2130 2757 2343 2823 sanet-,i
2389 2756 2807 2823 Confessoris.
3033 2823 3044 2830 ,

553 2871 765 2952 Οει-ςαίιι
974 2862 1417 2928 Advenerunt
1477 2857 1638 2936 illuc
1690 2879 1832 2924 una
1897 2878 2049 2924 cum
2109 2857 2257 2923 aliis
2336 2857 2580 2924 milites
2648 2858 2991 2945 cujusdam

548 2941 847 3075 &iiix-⁰²·
885 2964 1214 3052 magnatis
1290 2962 1510 3039 vicini,
1594 2960 1846 3028 scilicet
1927 2960 2203 3038 comitis,
2271 2962 2334 3025 ei
2396 2961 2694 3027 nolentes
2761 2966 2993 3028 contra

547 3073 728 3122 bom-in
1494 3119 1495 3122 ,
2145 3061 2159 3074 ”
2535 3064 2548 3077 “
2979 3087 2993 3102 ·

545 3090 839 3257 Ἐέιιᾷἕῇθ
883 3063 1983 3253 ξειῗιίΐερθᾞὲῗῃῖνθθξαξῗζίῗ
2013 3083 2275 3228 {effi
2301 3062 2994 3250 ffiffllffitefgxiffies

546 3269 811 3338 Beverley.
887 3269 1122 3336 Comes
1165 3289 1363 3354 super
1405 3267 1530 3334 hoc
1586 3266 1990 3353 indignatus,
2036 3270 2106 3331 et
2163 3264 2454 3330 militum
2499 3287 2765 3331 suorum
2823 3266 2993 3330 inibi

883 3373 1155 3439 moleste
1227 3371 1444 3435 ferens
1535 3370 2062 3455 receptationem,
2140 3369 2484 3448 canonicis,
2559 3367 2840 3447 ballivis,
2924 3373 2994 3434 et

884 3473 1321 3564 burgensibus
1380 3473 1815 3541 communiter
1860 3472 2046 3538 dedit
2109 3473 2183 3536 in
2242 3473 2591 3552 mandatiS,
2636 3478 2717 3539 ut
2773 3473 2994 3538 hostes

549 3585 707 3639 Their
886 3583 956 3643 et
999 3578 1385 3654 seductores,
1448 3595 1611 3661 quos
1660 3574 1768 3658 (ut
1832 3574 2188 3661 merebat)
2243 3595 2444 3661 penes
2509 3597 2578 3642 se
2605 3581 2994 3662 receptave-

548 3662 795 3771 ffmffid„
884 3684 1052 3757 rant,
1099 3677 1301 3743 omni‘
1324 3676 1642 3742 dilatione
1687 3677 2130 3761 praetermissa
2171 3697 2214 3742 a
2272 3677 2436 3743 villa
2478 3677 2818 3763 propulsos
2877 3697 3003 3768 eit-¹

550 3787 691 3837 them
712 3786 772 3837 of
884 3781 1240 3858 eluderent,
1285 3800 1408 3847 nec
1466 3799 1576 3844 eos
1620 3778 1875 3843 diutius
1936 3775 2183 3844 ibidem
2228 3778 2710 3865 receptaculum
2754 3779 2994 3845 habere

548 3852 800 3984 lggrigsss,
886 3884 1359 3970 permitterent.
1451 3880 1579 3944 His
1641 3880 1913 3965 insuper
1969 3880 2307 3946 mandatis
2363 3859 2687 3946 terribiles
2754 3880 2860 3967 adj
2868 3880 2997 3947 ecit

886 3987 1440 4063 comminationes,
1526 3988 1904 4051 constanter
1979 4001 2375 4062 asseverans,
2445 3985 2624 4069 quod
2681 3983 2811 4049 nisi
2880 3975 2992 4049 ob-

887 4094 1330 4177 temperarent
1372 4083 1720 4165 mandatis,
1769 4108 1879 4151 eos
1939 4086 2019 4150 :in
2063 4107 2268 4152 manu
2327 4087 2552 4152 valida
2608 4087 2996 4168 invaderet3

888 4194 1247 4279 villamque
1292 4195 1504 4257 totam
1549 4190 1624 4253 in
1666 4189 1951 4255 cinerem
1985 4192 2055 4254 et
2083 4188 2380 4254 sav-illam
2421 4189 2764 4276 redigeret.
2860 4188 2991 4255 Sed

889 4295 1193 4382 quamvis
1256 4313 1343 4358 ex
1417 4290 1524 4356 his
1586 4289 2210 4358 comminationibus
2268 4291 2516 4356 irruere
2579 4297 2847 4378 possent
2920 4291 2992 4354 in

552 4411 669 4462 who
689 4411 853 4468 refluo
888 4400 1068 4466 viros
1130 4399 1509 4462 constantes
1568 4398 1817 4458 tremor
1879 4397 1949 4457 et
2015 4392 2309 4472 formidO,
2373 4393 2502 4478 ipsi
2563 4393 2992 4458 nihilominus

551 4477 797 4608 3339·
890 4499 1007 4585 qui
1046 4497 1364 4563 mandata
1423 4498 1860 4580 susceperant,
1928 4493 2178 4558 Divino
2244 4493 2523 4559 fidentes
2573 4487 2991 4570 admffieulo,

890 4605 961 4666 et
989 4599 1252 4686 patroni
1283 4598 1388 4663 sui
1431 4595 1659 4675 sancti,
1708 4594 1886 4681 quod
1929 4594 2170 4682 saepius
2200 4596 2456 4682 experti
2501 4594 2782 4673 fuerant,
2827 4593 2992 4661 certi

890 4700 1270 4788 patrocinio,
1319 4720 1395 4766 eo
1439 4699 1650 4785 magis
1693 4702 2198 4784 permanserunt
2238 4696 2572 4784 intrepidi,
2602 4696 2781 4783 quod
2808 4715 2995 4762 man-
