3600 5800
870 844 1000 905 248
1497 856 1663 905 VITA
1707 856 1951 907 SANGH
1995 858 2029 906 J
2032 856 2356 917 omme»,

526 1047 832 1164 fflssnffune
865 1057 1214 1134 abbatissa,
1263 1056 1500 1121 mulier
1545 1057 1675 1121 fide
1720 1057 1934 1143 plena,
1983 1063 2051 1122 et
2096 1062 2258 1122 tunc
2303 1056 2390 1122 ob
2432 1057 2795 1123 adventum
2842 1057 2971 1121 viri

531 1180 839 1244 (wattonr),
864 1159 992 1223 Dei
1039 1180 1189 1224 cum
1234 1158 1498 1223 filiabus
1528 1159 1664 1222 suis
1711 1159 1783 1221 in
1832 1156 2099 1223 Christo
2142 1158 2337 1225 valde
2373 1158 2748 1247 jocundata.
2844 1159 2971 1224 Re-

863 1261 993 1325 fert
1067 1260 1217 1327 ilico
1294 1259 1407 1345 pia
1480 1265 1693 1325 mater
1768 1281 1918 1326 cum
1987 1259 2190 1337 luctu,
2268 1281 2670 1346 conquerens
2746 1266 2972 1327 sancto

527 1374 630 1422 and
651 1372 781 1424 finds
863 1361 1144 1448 praesuli,
1201 1382 1606 1428 consororem
1669 1361 2003 1447 quandam
2065 1382 2306 1448 magna
2366 1363 2650 1449 corporis
2703 1363 2970 1449 aegritu·

525 1439 809 1555 ζζξεοὲἑξῗ
862 1465 1017 1528 (11116
1092 1463 1387 1549 deprimi,
1465 1484 1586 1529 nec
1658 1463 1952 1549 aliquam
2029 1485 2213 1549 spem
2289 1464 2450 1530 vitae
2517 1465 2659 1550 ejus
2726 1463 2970 1530 haberi.

526 1572 768 1684 {emusly
862 1565 1175 1632 Precatur
1218 1564 1602 1650 suppliciter
1648 1570 1727 1628 ut
1794 1586 1940 1630 eam
1989 1565 2376 1652 dignaretur
2418 1566 2732 1645 visitare3
2779 1566 2970 1632 dicit-

569 1639 599 1686 1.
862 1689 988 1754 que
1019 1688 1087 1731 se
1133 1667 1207 1731 in
1251 1666 1379 1732 Dei
1423 1666 1673 1752 pietate
1720 1671 1788 1730 et
1835 1666 1976 1752 ejus
2007 1667 2259 1731 meritis
2304 1666 2593 1731 multum
2624 1666 2965 1742 confidere,

861 1768 1038 1854 quod
1069 1769 1128 1834 ei
1160 1767 1396 1833 melius
1442 1768 1822 1854 proveniret
1866 1789 1949 1831 ex
1980 1767 2397 1853 impositione
2427 1789 2744 1833 manuum
2780 1766 2966 1853 ejus.¹

526 1884 629 1935 She
651 1884 753 1934 had
861 1871 1170 1956 Requirit
1235 1870 1469 1934 beatus
1553 1869 1856 1955 pontifex
1932 1889 2192 1935 causam
2261 1869 2487 1947 morbi,
2555 1868 2918 1954 didicitque
2940 1866 2967 1906 ²

861 1971 946 2038 ab
990 1971 1322 2038 abbatissa
1366 1970 1548 2036 issam
1581 1972 1655 2035 in
1702 1977 1940 2057 quarta
1984 1971 2146 2036 luna
2191 1971 2578 2058 sanguinem
2610 1970 2967 2049 minuisse;

859 2072 1255 2159 turbatoque
1316 2073 1600 2158 corporis
1662 2078 1859 2150 statu,
1909 2072 2251 2138 brachium
2313 2072 2454 2158 ejus
2506 2071 2968 2138 miserabiliter

859 2175 1266 2240 intumuisse.
1381 2173 1810 2251 Protestatur‚
1888 2173 2013 2240 hoc
2088 2180 2437 2260 comperto
2508 2196 2646 2240 esse
2714 2175 2965 2240 factum

857 2275 1360 2363 imprudentius,
1408 2281 1855 2361 memoratque
1901 2297 1970 2340 se
2015 2296 2057 2341 a
2102 2274 2311 2341 Beato
2356 2274 2698 2341 Theodoro
2752 2275 2963 2342 archi-

859 2379 1176 2464 episcop0‚
1223 2377 1537 2463 magistro
1583 2397 1716 2454 suc,
1765 2377 2043 2453 audisse,
2090 2397 2240 2443 cum
2286 2398 2450 2463 puer
2495 2382 2666 2442 esset
2711 2382 2780 2441 et
2825 2377 2965 2462 ejus

522 2488 666 2539 when
689 2491 777 2540 the
857 2479 1235 2566 discipuluS,
1312 2478 1927 2564 periculosissimam
2005 2499 2143 2544 esse
2218 2483 2521 2563 quartam
2598 2479 2825 2567 lunam
2894 2478 2965 2542 in

516 2568 798 2672 ζοξᾪῗ
856 2581 1212 2646 minuendo
1259 2581 1578 2666 sanguine
1604 2578 1668 2661 3³
1713 2586 1782 2645 et
1820 2601 1956 2646 non
2009 2586 2307 2665 oportere
2352 2579 2735 2666 hujusmodi
2781 2601 2964 2645 cura-

516 2694 736 2749 qum-ter.
792 2638 829 2689 g
855 2683 1067 2748 tiones
1112 2703 1411 2748 exercere
1457 2682 1531 2746 in
1576 2683 1887 2747 teneriori
1947 2681 2295 2747 crescentis
2354 2680 2531 2745 lunae
2592 2686 2806 2757 aetate,
2855 2681 2963 2745 vel

851 2790 1145 2851 recenter
1190 2790 1573 2870 erumpente
1637 2783 1908 2848 fluentis
1972 2782 2188 2868 pelagi
2251 2781 2638 2848 rheumate.⁴
2727 2781 2962 2847 Victus

849 2887 1119 2953 tandem
1164 2886 1474 2973 lacrymis
1519 2890 1718 2971 atque
1763 2883 2065 2971 precibus
2110 2883 2449 2948 moerentis
2494 2881 2846 2949 abbatissae
2894 2890 2963 2949 et

849 3009 1283 3065 consororum,
1332 2986 1730 3052 infirmantis
1774 2985 2039 3050 feminee
2070 2984 2282 3050 intrat
2327 2984 2740 3063 cubiculum;
2783 2986 2959 3050 viso-

849 3111 977 3175 que
1021 3089 1229 3155 nimio
1273 3094 1530 3154 tumore
1574 3086 1844 3165 brachii,
1891 3087 2154 3173 signum
2201 3085 2477 3171 opponit
2520 3086 2743 3163 6111613,
2792 3108 2958 3173 prae·

848 3191 1144 3277 libatque
1205 3190 1348 3256 Deo
1417 3188 1742 3254 intentius
1801 3187 2005 3253 thura
2050 3209 2233 3275 purae
2286 3188 2620 3265 orationis,
2669 3189 2957 3255 consola-

849 3298 1090 3379 tusque
1127 3293 1459 3380 jacentem
1507 3290 1843 3378 egreditur
1874 3313 1909 3356 e
1941 3291 2149 3357 domo.
2245 3288 2377 3356 Sed
2407 3311 2557 3355 cum
2603 3289 2958 3376 languente

848 3395 1097 3462 femina
1139 3394 1369 3461 efficax
1414 3399 1756 3479 permanet
1818 3391 2206 3468 benedicti0‚
2255 3396 2324 3457 et
2382 3392 2594 3457 omnis
2639 3392 2757 3457 illa
2808 3412 2959 3458 cum

846 3496 1187 3562 recedente
1234 3495 1538 3581 episcopo
1601 3494 1851 3561 recedit
1913 3494 2185 3560 inflatio.
2279 3492 2414 3557 Vix
2462 3491 2748 3559 Sanctus
2807 3514 2958 3559 con-

849 3598 1108 3662 sederat
1167 3597 1253 3661 ad
1306 3596 1543 3673 cibum,
1593 3602 1662 3661 et
1711 3595 2080 3682 Herburgis
2100 3595 2125 3633 ⁶
2174 3595 2293 3680 (sic
2342 3594 2520 3659 enim
2569 3594 2954 3680 vocabatur)

507 3705 651 3757 John
674 3720 819 3757 cures
848 3699 936 3763 ad
997 3698 1139 3784 ejus
1193 3698 1546 3763 diaconum
1590 3697 1999 3762 Brithunum
2064 3719 2258 3762 suum
2324 3697 2540 3761 mittit
2603 3696 2957 3776 nuntium3

509 3773 615 3822 her.
848 3794 1081 3885 petens
1141 3804 1222 3863 ut
1289 3798 1390 3862 illi
1436 3820 1631 3863 suum
1678 3805 2025 3884 praestaret
2088 3797 2469 3883 6161111111111.6
2561 3798 2780 3864 Petita
2846 3799 2957 3864 ille

847 3902 1134 3988 episcopi
1165 3901 1623 3967 benedictione
1651 3922 1803 3968 cum
1849 3902 1991 3977 iret,
2024 3900 2208 3965 illam
2247 3901 2388 3985 jam
2434 3921 2661 3965 sanam
2693 3901 2957 3967 obviam

850 4005 1070 4082 habet,
1118 4004 1423 4088 dixitque
1469 4002 1791 4068 medelam
1854 4001 2211 4067 curationis
2274 4002 2652 4087 provenisse
2696 4002 2825 4067 sibi
2884 4004 2958 4067 in

848 4106 1143 4172 oratione
1167 4103 1193 4145 ⁷
1222 4104 1568 4191 pontificis.
1663 4102 1824 4167 Post
1886 4103 2029 4169 haec
2098 4103 2275 4167 vixit
2338 4125 2498 4168 sana
2547 4103 2743 4190 longo
2789 4109 2953 4170 tem-

912 4300 929 4332 ¹
963 4314 1195 4348 manum
1218 4297 1349 4362 ejus]
1388 4311 1572 4345 manus
1594 4311 1715 4356 suae,
1738 4296 1808 4344 A.
2013 4295 2034 4326 ⁵
2072 4294 2390 4361 Herburyis]
2487 4294 2828 4362 capuburgis,
2882 4299 2954 4349 A.

911 4377 933 4409 ²
966 4375 1266 4442 didicitque]
1308 4373 1572 4439 discitque,
1595 4374 1664 4423 A.
1946 4374 2088 4424 Beda
2111 4389 2228 4438 says
2251 4374 2338 4424 the
2362 4390 2512 4425 name
2534 4375 2596 4425 of
2612 4376 2699 4427 the
2719 4392 2827 4428 nun
2850 4393 2954 4428 was

911 4456 934 4489 ³
967 4463 1200 4521 quartam
1254 4453 1422 4503 lunam
1479 4455 1533 4502 in
1589 4452 1853 4502 minuendo
1947 4454 2280 4520 Quocnburg.
2366 4455 2654 4521 Herburgis
2699 4472 2800 4508 was
2864 4458 2953 4508 the

846 4533 1118 4600 sanquine]
1159 4532 1212 4582 in
1252 4539 1431 4597 quarta
1470 4532 1596 4582 luna
1617 4530 1854 4582 imminu·
1944 4533 2141 4583 abbess.

846 4611 1036 4663 tionem
1059 4611 1339 4677 sanguinis,
1362 4613 1431 4661 A.
2014 4610 2035 4642 ⁶
2070 4612 2344 4678 eloquium]
2387 4611 2710 4677 colloquium,
2733 4614 2803 4663 A.

911 4691 933 4721 ⁴
965 4690 1092 4741 This
1114 4691 1295 4754 theory
1307 4692 1402 4740 has
1416 4692 1540 4756 long
1562 4689 1702 4740 since
1723 4692 1853 4741 been
2016 4688 2038 4727 ‘¹'
2071 4691 2123 4739 in
2148 4691 2403 4756 oratione]
2444 4707 2536 4755 per
2557 4689 2860 4752 orationem,
2881 4692 2950 4743 A.

845 4768 1115 4832 exploded.
1182 4768 1428 4819 Hoffinan
1452 4770 1734 4819 condemns
1756 4769 1812 4818 it.
