3600 5800
489 2565 603 2617 The
626 2572 767 2631 story

490 2634 552 2683 of
567 2634 653 2685 the

494 2700 774 2751 wine-flask

489 2768 590 2817 aud
612 2768 761 2818 other

489 2836 724 2885 marvels.

489 2997 724 3060 Poleam,

490 3080 602 3129 cap.
625 3065 717 3115 xii.

487 3737 649 3800 Beda,
664 3755 715 3787 v.
740 3744 786 3789 ⁶.

487 3931 673 3982 John’s

487 3997 643 4047 death
665 3997 768 4047 and

487 4063 669 4114 burial.

834 889 965 952 538
1694 902 2067 951 APPENDIX.

833 1102 870 1126 ‘⁶
910 1120 1118 1174 scopus
1177 1097 1401 1158 autem
1462 1102 1536 1157 de
1583 1121 1721 1159 casu
1755 1119 1887 1158 meo
1932 1110 1993 1159 et
2026 1101 2273 1158 interitu
2306 1091 2549 1171 dolone,
2585 1099 2768 1172 capiti
2800 1117 2933 1156 meo

834 1191 871 1216 “
911 1209 1152 1248 manum
1198 1182 1462 1269 posuit,¹
1492 1194 1560 1249 et
1606 1183 1796 1275 signo
1841 1182 2053 1249 crucis
2082 1205 2187 1248 me
2232 1182 2539 1270 signavit.
2633 1180 2933 1266 Cumque

831 1276 866 1303 “
894 1270 1043 1335 fiisa
1102 1273 1397 1338 oratione
1448 1300 1542 1338 me
1600 1281 1917 1348 sedentem,
1978 1288 2039 1337 et
2096 1281 2256 1352 loqui
2312 1281 2603 1338 valentem
2657 1270 2932 1346 videret,

832 1370 868 1393 “
908 1368 1108 1424 divino
1155 1370 1438 1427 instinctu
1484 1368 1814 1426 admonitus
1865 1361 2301 1448 interrogavit
2360 1384 2486 1442 me,
2539 1388 2615 1425 an
2665 1386 2761 1424 me
2808 1386 2935 1423 esse

830 1449 868 1472 ‘⁴
909 1446 1270 1520 baptizatum
1306 1450 1521 1521 absque
1566 1451 1841 1521 scrupulo
1883 1469 2128 1507 nossem.
2216 1450 2328 1507 Oui
2362 1468 2574 1506 nomen
2609 1447 2935 1520 presbyteri

830 1534 868 1558 ‘⁶
909 1552 945 1586 a.
979 1550 1093 1606 quo
1127 1550 1222 1590 me
1256 1535 1614 1605 baptizatum
1639 1550 1915 1591 noveram
1950 1534 2088 1590 dixi.
2165 1535 2231 1590 Si
2262 1536 2337 1591 ab
2361 1534 2484 1600 illo,
2513 1532 2721 1605 inquit,
2749 1550 2936 1589 sacer-

830 1619 868 1642 “
909 1617 1042 1673 dote
1065 1618 1392 1690 baptizatus
1426 1636 1508 1681 eS,
1532 1636 1651 1673 non
1685 1636 1746 1673 es
1781 1619 2037 1690 perfecte
2074 1619 2416 1691 baptizatus.
2492 1617 2645 1674 Novi
2681 1634 2933 1689 namque

830 1704 866 1725 “
907 1719 1058 1767 eum,
1102 1702 1239 1774 quia
1272 1721 1406 1758 cum
1442 1708 1595 1759 esset
1629 1704 1932 1775 presbyter
1966 1703 2287 1769 ordinatus,
2326 1704 2663 1759 nullatenus
2699 1708 2934 1772 propter

829 1790 867 1813 “
907 1789 1133 1859 ingenii
1169 1789 1503 1845 tarditatem
1555 1791 1748 1861 potuit
1781 1790 2183 1847 cathezizandi
2219 1791 2312 1847 vel
2360 1788 2697 1863 baptizandi
2732 1788 2933 1843 minis-

829 1871 866 1894 “
905 1872 1122 1925 terium
1177 1869 1414 1935 discere,
1469 1876 1705 1942 propter
1758 1871 1914 1941 quod
1960 1872 2033 1928 ab
2084 1863 2445 1943 hujusmodi
2479 1869 2933 1943 praesumptione

828 1960 866 1983 “
907 1959 1235 2024 ministerii,
1263 1959 1419 2032 quod
1443 1959 1790 2030 regulariter
1815 1961 2056 2031 implere
2077 1961 2374 2033 nequibat,
2403 1950 2670 2018 omnino
2716 1976 2935 2016 cessare

830 2049 869 2073 “
905 2048 1176 2119 praecepi.
1250 2040 1398 2120 Quo
1444 2040 1636 2118 dicte,
1673 2048 1878 2104 eadem
1903 2049 2045 2104 hora
2081 2068 2176 2105 me
2212 2052 2574 2106 cathezizare
2608 2052 2734 2122 ipse
2768 2066 2934 2107 oura—

829 2128 866 2151 “
905 2127 1011 2181 vit.
1122 2129 1486 2201 Factumque
1544 2136 1633 2185 est
1690 2135 1757 2183 ut
1814 2129 2151 2184 exsufflante
2205 2130 2307 2186 illo
2358 2132 2417 2185 in
2470 2132 2677 2188 faciem
2726 2147 2935 2195 meam,

827 2214 865 2236 ‘⁴
905 2212 1218 2268 confestim
1257 2233 1351 2269 me
1400 2215 1610 2269 melius
1647 2213 1863 2268 habere
1901 2214 2197 2283 sentirem.
2294 2215 2546 2271 Vocavit
2581 2221 2776 2272 autem
2813 2233 2934 2271 me-

827 2296 867 2318 “
908 2294 1126 2359 dicum,
1179 2304 1241 2353 et
1286 2298 1628 2353 dissolutam
1679 2297 1827 2351 mihi
1868 2297 2185 2352 emicranei‘
2209 2297 2549 2368 juncturam
2592 2316 2935 2372 componere

828 2376 864 2400 “
906 2380 1083 2446 atque
1130 2377 1378 2449 alligare
1407 2378 1602 2450 jussit,
1643 2374 1711 2432 et
1748 2383 1990 2449 accepta
2036 2377 2163 2448 ejus
2196 2374 2603 2435 benedictione
2638 2380 2929 2445 convalui,

827 2461 860 2488 “
892 2461 961 2519 et
1006 2481 1114 2519 neo
1154 2467 1342 2522 multo
1386 2466 1539 2543 post
1582 2458 1899 2544 baptismi
1945 2458 2231 2544 gratiam
2276 2464 2669 2525 consecutus
2715 2459 2915 2525 sum.'’

917 2558 1160 2624 Sancto
1206 2559 1382 2624 enim
1428 2560 1730 2646 episcopo
1777 2566 2103 2646 praesente
2149 2582 2269 2626 vas
2315 2562 2473 2628 vino
2520 2562 2791 2649 plenum
2835 2562 2922 2627 ad

826 2668 1070 2726 terram
1116 2661 1196 2726 de
1243 2662 1548 2727 manibus
1593 2664 1858 2727 incaute
1904 2663 2193 2727 tenentis
2240 2664 2479 2729 cecidit
2524 2671 2595 2729 et
2638 2665 2927 2731 medium

825 2763 1097 2848 crepuit,
1168 2763 1398 2826 vinum
1469 2768 1691 2828 tamen
1745 2763 1947 2855 quod·
1993 2764 2178 2827 intus
2233 2769 2380 2828 erat
2441 2764 2718 2831 illaesum
2782 2786 2925 2851 per-

826 2864 1087 2930 mansit.

898 2975 936 3029 J
935 2992 1180 3030 uvenem
1243 2974 1534 3047 quendam
1590 2981 1889 3031 mortuum
1949 2975 2104 3029 inter
2162 2974 2306 3032 alios
2362 2987 2545 3032 sacro
2619 2968 2921 3034 crismate

824 3062 1025 3120 linivit
1059 3062 1126 3120 et
1160 3063 1234 3120 de
1269 3072 1456 3121 morte
1497 3065 1573 3121 ad
1606 3065 1792 3120 vitam
1828 3055 2140 3121 restituit.
2234 3055 2652 3123 Daemonium
2742 3058 2921 3122 simi-

825 3144 980 3211 liter
1041 3168 1083 3212 a
1127 3147 1413 3233 quodam
1479 3155 1720 3228 expulit,
1794 3159 1858 3210 et
1926 3154 2188 3210 infirmos
2248 3156 2581 3227 ubicunque
2634 3153 2924 3234 repertos

827 3258 1019 3301 sanos
1084 3238 1222 3302 suis
1289 3238 1593 3324 precibus
1639 3242 1708 3300 et
1750 3234 2209 3301 benedictione
2271 3235 2504 3314 effecit,
2550 3251 2611 3301 et
2645 3251 2931 3318 quotquot,

827 3335 1244 3394 vestimentum
1293 3355 1428 3392 cum
1479 3337 1591 3392 fide
1625 3332 1899 3413 tangere
1952 3329 2277 3410 poterant,
2324 3334 2570 3390 celerem
2620 3336 2929 3391 sanitatem

823 3426 1238 3493 infirmitatis
1283 3451 1421 3494 suae
1452 3451 1520 3494 se
1565 3427 1925 3513 suscepisse
1970 3434 2317 3506 gaudebant.

918 3530 1188 3596 Exactis
1216 3536 1442 3596 autem
1491 3532 1562 3595 in
1609 3537 1889 3615 utraque
1935 3528 2105 3604 sede,
2134 3526 2656 3612 Hagustaldensi
2679 3525 2704 3565 ²
2750 3527 2931 3594 vide-

826 3631 984 3698 licet
1027 3638 1095 3698 et
1127 3633 1541 3714 Eboraeensi,
1587 3633 1782 3699 annis
1818 3630 2103 3717 triginta
2131 3628 2362 3706 tribus,
2410 3656 2543 3693 oum
2569 3656 2691 3710 prae
2714 3652 2932 3698 senee-

825 3722 995 3786 tutis
1053 3724 1387 3809 gravitate
1456 3732 1651 3787 minus
1704 3726 2064 3802 episcopatui
2114 3726 2572 3783 adminismndo
2624 3728 2931 3792 sufficeret,

826 3832 1094 3888 ordinato
1153 3834 1216 3888 in
1276 3826 1658 3912 episcopatu
1734 3817 2146 3894 Eboracensi,
2206 3839 2357 3884 cum
2434 3818 2642 3884 totius
2704 3818 2933 3905 populi

824 3913 1160 3990 electione,
1207 3923 1483 3979 wilfrido
1533 3920 1882 3993 presbytero
1943 3933 2070 3981 suo,
2110 3907 2250 3993 ipse
2310 3916 2371 3971 in
2430 3917 2780 3972 monasterio
2830 3933 2935 3972 suo

827 4012 888 4066 in
927 4012 1076 4069 silva
1111 4013 1441 4077 Deir-orum,
1484 4002 1625 4067 sive
1686 3996 2058 4074 BeveflaOO,
2122 3996 2393 4063 consilio
2455 3996 2717 4062 abbatis
2766 3996 2933 4061 Bm·—

829 4104 1027 4170 thuni
1074 4106 1144 4170 in
1189 4105 1371 4170 omni
1433 4103 1788 4171 sanctitate
1849 4120 2240 4187 permanens
2285 4120 2496 4183 usque
2538 4098 2626 4164 ad
2671 4099 2930 4165 obitum

829 4230 1043 4287 suum,
1088 4231 1299 4275 nonas
1332 4208 1494 4274 Maii
1541 4204 1860 4294 migravit
1903 4203 1993 4269 ad
2037 4201 2414 4269 Dominum.
2529 4211 2808 4285 Sepultus
2842 4218 2934 4267 est

827 4317 1051 4378 autem
1089 4319 1150 4375 in
1187 4320 1415 4392 porticu
1469 4318 1672 4374 Sancti
1710 4317 1874 4371 Petri
1909 4307 2202 4393 ejusdem
2249 4306 2622 4383 monasteri,
2685 4311 2755 4371 et
2808 4304 2934 4372 hoo

828 4432 980 4468 anuo
1015 4412 1250 4469 Domini
1287 4409 1803 4482 septingentesimo
1841 4409 2120 4467 vicesimo
2154 4409 2360 4482 primo.

833 4567 917 4580 -οι,

1262 4665 1276 4697 ¹
1305 4666 1501 4731 posuit]
1535 4662 1792 4729 imposuit,
1817 4665 1878 4714 Ε.

1259 4745 1278 4778 ’·’
1315 4743 1743 4810 Huyaewcaldcnsi]
1791 4741 2198 4808 llngelstadcnsi,
2222 4743 2282 4793 Ε.
2307 4743 2407 4792 and
2432 4740 2494 4793 Ο.
