3600 5800
822 886 954 948 310
1586 895 1749 944 ALIA
1795 894 2156 943 MIRACULA

918 1086 1219 1172 Cumque
1283 1089 1369 1154 ad
1436 1088 1773 1153 ecclesiam
1836 1087 2135 1175 praedicti
2188 1084 2593 1179 Confessoris
2637 1087 2943 1163 venisset,

826 1190 913 1255 ad
957 1190 1321 1255 orationem
1367 1213 1435 1256 se
1480 1189 1856 1278 prostravit,
1889 1211 2109 1276 preces
2155 1190 2347 1267 fudit,
2380 1194 2449 1255 et
2494 1211 2612 1276 pro
2658 1190 2944 1254 sanitate

492 1295 657 1344 where
682 1294 748 1343 he
828 1293 955 1357 sibi
1008 1292 1247 1363 collata
1290 1292 1433 1358 Deo
1480 1293 1856 1378 Sanctoque
1884 1292 1931 1357 J
1933 1292 2180 1357 ohanni
2225 1298 2444 1378 grates
2490 1314 2689 1378 quam
2733 1291 2944 1356 maxi-

492 1362 777 1491 ἓῖξὶζῗος
832 1417 973 1460 mas
1018 1395 1271 1473 retulit,
1319 1395 1692 1480 obtulitque
1724 1417 1984 1460 cereum
2032 1416 2251 1461 secum
2299 1396 2716 1481 deportatum
2760 1394 2945 1458 mirae

493 1495 637 1558 large
657 1492 779 1543 aize.
830 1497 1324 1584 magnitudinis,
1356 1497 1605 1562 lumine
1636 1516 1994 1573 accensum,
2027 1498 2098 1560 in
2129 1498 2481 1583 praesentia
2524 1497 2948 1581 reliquiarum

830 1600 961 1664 viri
1007 1599 1135 1665 Dei
1180 1622 1376 1685 super
1421 1600 1665 1679 altare;
1708 1599 1998 1665 referens
2028 1599 2337 1675 universo
2369 1600 2539 1665 clero
2570 1604 2640 1665 et
2683 1598 2945 1685 popu10‚

834 1701 1119 1788 qualiter
1162 1724 1279 1788 per
1323 1701 1809 1767 invocationem
1855 1702 2145 1766 nominis
2175 1701 2533 1766 venerandi
2563 1701 2946 1767 confessoris

833 1805 881 1869 J
881 1804 1175 1882 ohannis,
1241 1804 1315 1868 in
1381 1804 1757 1893 provincia*
1795 1825 1916 1868 sua
2004 1804 2416 1881 constitutus,
2481 1825 2644 1868 sana
2729 1802 2947 1866 fuerat

834 1907 1119 1972 effectus.
1216 1905 1595 1991 Cunctique
1642 1906 1758 1991 qui
1803 1906 2081 1972 aderant
2111 1905 2254 1971 haec
2295 1906 2654 1983 audientes,
2701 1904 2946 1991 glorifi-

835 2013 1156 2075 caverunt
1223 2009 1456 2085 Deum,
1509 2008 1641 2088 Qui
1716 2013 1825 2072 tot
1885 2009 2250 2073 virtutibus
2334 2012 2686 2094 patronum
2753 2029 2948 2071 suum
3059 2084 3066 2093 ,

835 2111 883 2175 J
885 2112 1209 2175 ohannem
1278 2110 1469 2195 longe
1516 2110 1780 2196 lateque
1828 2110 2158 2190 declarat3
2211 2110 2666 2195 hymnumque
2704 2110 2947 2196 jubila-

837 2213 1039 2278 tionis
1083 2212 1226 2277 Deo
1267 2212 1485 2278 clerici
1530 2213 1939 2297 resonabant,
1987 2217 2067 2276 ut
2112 2234 2252 2278 mos
2297 2218 2398 2278 est
2442 2212 2621 2277 illius
2666 2212 2949 2278 ecclesiae

838 2314 911 2378 in
954 2315 1417 2400 impetratione
1464 2314 1742 2399 alicujus
1789 2314 2118 2380 evidentis
2163 2314 2478 2380 miraculi.

503 2420 617 2470 The
639 2419 809 2470 writer
929 2416 1129 2482 Hunc
1173 2416 1393 2479 virum
1439 2415 1640 2480 etiam
1710 2416 1853 2502 ipse
1898 2417 2060 2494 vidi,
2112 2422 2182 2481 et
2246 2416 2476 2481 audivi
2520 2416 2663 2481 haec
2724 2416 2948 2481 eadem

503 2488 782 2604 {aeardhifflu
838 2541 1118 2597 narrare,
1189 2519 1363 2583 sicut
1421 2523 1491 2583 et
1536 2518 1731 2583 multi
1776 2519 1936 2599 alii;
1982 2520 2400 2605 vidimusque
2466 2519 2685 2604 ipsum
2754 2519 2947 2605 longo

750 2694 756 2711 ,
838 2627 990 2708 post
1057 2627 1349 2707 tempore
1395 2621 1674 2707 singulis
1742 2621 1936 2689 annis
1981 2622 2182 2686 semel
2245 2623 2317 2685 in
2363 2642 2538 2686 anno
2597 2621 2756 2686 illuc
2799 2643 2947 2687 cum

842 2724 1287 2789 oblationibus
1378 2723 1530 2799 suis,
1596 2744 1830 2787 verum
1898 2723 2098 2787 etiam
2174 2729 2244 2787 et
2305 2723 2583 2787 aliorum
2653 2723 2767 2807 qui
2834 2746 2952 2809 per

841 2849 989 2891 eum
1037 2826 1196 2892 ich
1240 2827 1757 2904 transmiserant,
1804 2826 2206 2906 adventare3
2264 2831 2662 2912 gratumque
2721 2825 2948 2889 officiis

839 2952 917 2996 ac
960 2931 1355 3007 muneribus,
1404 2936 1542 2995 tam
1572 2930 1709 2994 suis
1754 2951 1954 3014 quam
1999 2928 2245 3006 alienis,
2293 2928 2592 2993 sedulum
2637 2927 2949 2994 exhibere

840 3033 1243 3118 obsequium.
1337 3032 1645 3118 Ejusque·
1704 3031 2004 3117 exemplo
2070 3031 2263 3095 multi
2330 3029 2948 3117 comprovinciales,1

839 3135 1142 3200 videntes
1209 3136 1529 3200 virtutem
1605 3139 1745 3198 tam
1811 3132 2131 3198 efficacem
2180 3133 2252 3197 in
2317 3132 2633 3218 praedicto
2679 3132 2946 3198 Confes-

841 3259 980 3303 sore
1044 3238 1282 3323 vigere,
1346 3237 1653 3302 invocato
1697 3236 1962 3301 nomine
2010 3236 2065 3321 ej
2074 3258 2152 3299 us
2218 3240 2287 3300 et
2360 3234 2626 3312 auxilio,
2673 3235 2747 3298 in
2813 3235 2950 3300 suis

841 3335 1342 3405 infirmitatibus
1404 3339 1786 3424 frequenter
1832 3339 2273 3418 curabantur3
2333 3338 2682 3424 virumque
2726 3338 2946 3416 istum,

847 3443 1145 3528 bajulum
1237 3463 1504 3507 suarum
1596 3441 2004 3506 oblationum
2098 3446 2167 3505 et
2254 3439 2758 3518 intercessorem,
2865 3442 2950 3506 ad

845 3545 1162 3610 Sanctum
1224 3543 1351 3608 Dei
1397 3565 1513 3629 per
1580 3542 1873 3628 singulos
1919 3563 2125 3607 annos
2189 3547 2662 3628 properantem,
2710 3544 2948 3607 consti-

842 3652 1044 3711 tuere.

965 3872 1184 3958 [Puer
1226 3878 1460 3938 mutus
1496 3893 1624 3958 per
1668 3869 2004 3938 Sanctwm
2047 3871 2434 3939 Johamzmn
2479 3845 2832 3962 loquitur]

504 4024 694 4156 ἓξὲξ
708 4026 769 4076 of
933 4025 1056 4089 Vir
1084 4026 1355 4111 quidam
1400 4023 1534 4089 fuit
1578 4025 1650 4087 in
1683 4024 1868 4102 villa,
1903 4045 2051 4110 quae
2082 4023 2352 4111 Bylebi2
2381 4032 2670 4106 vocatur,
2701 4028 2951 4094 habens
3023 4003 3030 4008 “

502 4158 737 4209 becomes
842 4129 1053 4193 filium
1100 4127 1225 4192 sibi
1258 4126 1614 4192 admodum
1661 4148 1905 4204 carum,
1940 4128 2055 4213 qui
2086 4129 2325 4214 puerili
2356 4130 2574 4197 adhuc
2601 4132 2951 4198 tenebatur

504 4224 681 4285 dumb,
840 4236 1055 4308 aetate,
1103 4230 1434 4315 nimisque
1478 4228 1845 4315 puerilibus
1882 4230 2050 4316 jocis
2096 4231 2375 4310 deditus,
2423 4234 2756 4321 solivagus
2801 4258 2948 4302 cum

910 4457 927 4489 ¹
963 4455 1078 4506 The
1109 4453 1310 4527 printed
1330 4453 1575 4520 Register
1610 4455 1671 4505 of
1699 4455 1850 4506 those
1944 4457 2109 4507 shows
2152 4474 2185 4508 a
2229 4458 2575 4513 considerable
2631 4466 2847 4514 number
2894 4465 2955 4515 of

841 4536 958 4586 who
993 4533 1115 4585 took
1153 4539 1425 4598 sanctuary
1447 4540 1502 4584 at
1524 4534 1779 4599 Beverley
1802 4535 1849 4584 is
1939 4535 2173 4603 refugees
2194 4538 2327 4588 from
2343 4540 2430 4590 the
2453 4540 2681 4593 midland
2702 4543 2948 4594 enunties

842 4616 966 4680 only
988 4614 1071 4664 for
1094 4614 1179 4662 the
1204 4612 1464 4677 reigns‘of
1490 4614 1717 4663 Edward
1744 4614 1843 4664 IV.
2003 4614 2025 4647 ²
2061 4618 2114 4666 A
2137 4616 2326 4684 village
2363 4629 2457 4670 not
2492 4621 2573 4671 far
2606 4622 2737 4672 from
2778 4623 2942 4673 Pock-

837 4695 937 4741 aud
970 4691 1151 4755 Henry
1176 4691 1309 4741 VII.
1332 4693 1435 4771 and
1456 4691 1612 4741 VIII.
1634 4712 1648 4752 ;
1681 4693 1776 4743 but
1808 4691 1848 4742 it
1934 4692 2152 4759 lington‚
2177 4695 2231 4744 in
2255 4696 2341 4746 the
2365 4698 2485 4748 East
2505 4698 2710 4765 Riding.
