3600 5800
869 864 998 926 412
1502 877 1664 924 vrrA
1712 877 1955 926 SANCTI
2003 877 2330 937 oswALm,

863 1064 1167 1151 palmam,
1215 1065 1503 1131 contulit
1549 1064 1686 1131 Suo
1732 1066 1940 1132 electo
2000 1066 2250 1131 famulo
2294 1084 2653 1152 congruam
2715 1062 2974 1131 consilii

861 1167 1161 1250 gratiam,
1209 1187 1327 1251 per
1372 1166 1551 1253 quod
1578 1166 2003 1252 naufragium
2034 1171 2256 1253 posset
2300 1167 2616 1252 aufugere
2645 1166 2974 1241 nocivum,

527 1274 732 1324 Oswald
863 1272 933 1332 et
975 1267 1061 1332 ad
1107 1290 1300 1333 suum
1346 1268 1693 1354 confugere
1738 1275 2020 1354 portum.
2115 1269 2435 1334 Intimare
2478 1267 2719 1333 humili
2763 1267 2975 1352 elogio

524 1342 782 1416 askqper-
864 1369 1128 1434 studuit
1205 1369 1585 1435 beatissimo
1662 1370 1843 1454 patri
1922 1391 2041 1436 suo
2117 1370 2426 1436 desiderii
2514 1369 2977 1447 voluntatem3

523 1421 788 1523 ἒέῗῐειιῗᾶο
865 1491 1065 1554 quam
1112 1470 1494 1536 collaudans
1539 1471 1773 1548 senior,
1823 1472 2126 1556 poposcit
2171 1470 2515 1537 Christum
2560 1470 2718 1535 fidei
2770 1469 2974 1533 firmi-

528 1541 727 1655 ζῗῃῗὲζζξ
741 1555 774 1588 ²
865 1578 1090 1649 tatem,
1121 1574 1260 1657 spei
1305 1572 1806 1649 roborationem,
1840 1572 2178 1638 dilectioni
2210 1577 2441 1638 exorat
2469 1571 2977 1658 perseverantiae

529 1669 632 1721 life.
867 1673 1130 1738 donum.
1252 1673 1451 1738 Dixit
1496 1672 1673 1737 enim
1738 1673 1901 1738 satis
1964 1672 2280 1750 hilariter,
2370 1681 2403 1708 ‘⁸
2427 1673 2627 1738 Ultra
2687 1671 2976 1737 marinas

527 1749 836 1868 &agg-¹²²⁸
869 1782 904 1809 “
948 1774 1185 1840 vellem
1233 1774 1505 1840 visitare
1550 1780 1788 1860 parte-3,
1836 1776 1891 1839 si
1953 1780 2090 1839 tuse
2160 1776 2476 1859 potentiae
2521 1780 2742 1840 ratum
2786 1778 2973 1850 esset,

870 1885 904 1911 “
948 1881 1017 1941 et
1061 1876 1134 1940 in
1178 1876 1318 1944 loco
1367 1897 1496 1961 quo
1543 1881 1700 1941 tuus
1765 1876 2040 1942 affectus
2105 1877 2485 1954 decreverit,
2533 1876 2676 1942 Deo
2728 1875 2974 1941 servire

869 1987 903 2013 “
947 1984 1017 2044 et
1064 1978 1329 2044 Sanctis
1376 1978 1555 2064 Ejus,
1618 1984 1949 2064 quatenus
2001 1979 2204 2065 recipi
2250 2000 2504 2045 merear
2563 1980 2636 2043 in
2698 1978 2975 2044 dextera

868 2088 904 2116 “
950 2085 1137 2166 parte
1191 2080 1619 2156 coronandus„
1667 2086 1819 2164 post
1878 2080 2180 2166 generale
2234 2081 2564 2165 judicium
2624 2081 2790 2166 justi
2848 2080 2973 2144 Ar-

869 2190 904 2217 “
947 2181 1194 2248 bitris.'’

530 2295 687 2372 odojs
706 2295 798 2359 joy
958 2285 1085 2350 His
1130 2285 1378 2350 auditis
1423 2290 1650 2371 pastor
1682 2285 1933 2351 Christi
1979 2284 2175 2350 ovilis
2221 2285 2501 2351 devotus
2545 2285 2788 2351 annuit
2832 2287 2974 2372 ejus

527 2362 746 2492 ffiqlxgst.
868 2388 1226 2465 desideriis,
1273 2387 1559 2452 multum
1629 2389 1700 2451 in
1767 2388 2055 2453 Domino
2121 2389 2408 2474 gavisus,
2455 2388 2834 2476 intelligens
2901 2390 2974 2453 in

869 2490 1011 2576 ejus
1086 2490 1277 2556 corde
1352 2510 1491 2554 esse
1559 2488 1789 2555 Sancti
1869 2489 2161 2574 Spiritus
2237 2489 2500 2567 donum,
2571 2513 2687 2576 per
2763 2491 2974 2577 Cujus

867 2591 1378 2656 illustrationem
1426 2590 1825 2655 desiderium
1869 2591 2109 2657 habuit
2153 2590 2495 2657 Divinum.
2590 2592 2747 2658 Non
2792 2613 2972 2678 mag-

867 2714 1107 2779 nopere
1183 2698 1407 2757 tamen
1484 2693 1566 2756 de
1640 2693 1852 2778 ipsius
1927 2693 2298 2759 mirabatur
2373 2695 2739 2771 voluntate,
2817 2695 2975 2781 quia

868 2794 1081 2860 omnis
1126 2792 1350 2858 subita
1393 2794 1680 2859 mutatio
1741 2815 1959 2859 rerum
2005 2815 2143 2860 non
2205 2795 2286 2860 fit
2345 2796 2488 2860 sine
2555 2796 2974 2882 persuasione

870 2896 1200 2964 Creatoris
1261 2895 1544 2982 piissimi
1591 2896 1890 2961 omnium
1954 2904 2419 2963 creaturarum.
2516 2899 2772 2984 Nempe
2838 2920 2976 2964 non

867 2999 1204 3086 ignoravit
1224 3010 1257 3044 ³
1301 2998 1612 3083 quoniam
1676 2999 1734 3062 si
1795 2999 2006 3063 nubes
2067 2999 2472 3065 densissimae
2537 3000 2762 3087 polum
2826 3001 2972 3086 pul-

868 3102 1263 3169 cherrimum
1294 3098 1730 3187 cooperiunt,b
1776 3107 1856 3166 ut
1885 3101 2157 3167 minime
2203 3103 2460 3188 possint
2504 3103 2712 3170 stellae
2741 3103 2971 3181 videri,

869 3206 982 3271 sed
1028 3206 1222 3271 astris
1268 3204 1561 3290 expulsis
1606 3224 1742 3269 non
1791 3204 2003 3269 solum
2052 3204 2367 3282 Pleiades,
2418 3207 2532 3271 sed
2578 3206 2781 3271 etiam
2826 3207 2972 3272 vias

868 3329 1020 3373 suas
1081 3308 1379 3373 homines
1444 3327 1704 3373 cernere
1767 3327 1904 3371 non
1966 3307 2211 3384 valent,
2258 3307 2463 3373 immo
2517 3313 2587 3373 et
2644 3308 2973 3394 limpidis-

867 3411 1016 3476 simi
1064 3410 1218 3476 solis
1282 3409 1618 3495 egregium
1686 3410 1928 3486 lumen,
1976 3409 2148 3474 sieut
2214 3409 2367 3486 Iste,
2415 3409 2593 3495 quod
2657 3431 2807 3477 cum
2869 3433 2970 3476 re-

866 3512 1167 3577 verentia
1210 3512 1388 3597 pacis
1435 3511 1650 3596 placet
1710 3510 1941 3586 dicere,
1989 3510 2246 3573 dimisit
2306 3517 2582 3589 terrena,
2628 3516 2709 3576 ut
2752 3517 2973 3597 posset

867 3614 1202 3699 acquirere
1265 3612 1551 3677 meliora.
1645 3610 1946 3695 Reliquit
2002 3611 2368 3676 daemonem
2433 3613 2807 3697 pessimum,
2856 3612 2972 3698 qui

867 3720 969 3779 est
1041 3713 1537 3799 hypocritarum
1613 3712 1919 3777 dominus
1997 3717 2066 3776 et
2140 3713 2468 3799 magister,
2546 3719 2616 3778 et
2690 3713 2974 3781 adhaesit

865 3816 1144 3904 pedibus
1190 3815 1476 3892 Domini,
1528 3814 1659 3894 Qui
1706 3819 1808 3880 est
1852 3822 2039 3899 pater
2086 3822 2154 3878 et
2197 3820 2426 3882 auctor
2471 3817 2971 3902 redemptorque

867 3915 1452 4003 praestantissimus
1516 3915 1724 3979 totius
1792 3914 1968 3979 vasti
2039 3914 2230 3979 orbis,
2325 3915 2434 3979 Ad
2504 3916 2971 4001 profectionem

868 4037 1128 4103 quoque
1217 4015 1579 4080 venerandi
1675 4014 1989 4092 Oswaldi,
2068 4014 2294 4080 devoti
2379 4015 2631 4081 Christi
2723 4016 2973 4093 famuli,

869 4124 1122 4204 quanta
1167 4117 1481 4182 Summus
1526 4115 1725 4181 Pater
1768 4115 2073 4192 contulit,
2122 4116 2270 4201 quis
2315 4123 2554 4184 cuncta
2614 4118 2973 4204 expediat?

867 4223 1055 4287 Licet
1097 4219 1225 4285 etsi
1284 4218 1452 4283 mihi
1514 4218 1826 4284 facundia
1888 4219 2158 4283 daretur
2226 4219 2518 4298 Homeri,
2589 4220 2973 4305 peritissimi

868 4323 1016 4399 viri,
1063 4326 1183 4386 aut
1228 4325 1538 4386 centenos
1582 4341 1839 4406 possem
1884 4319 2177 4386 humano
2220 4327 2480 4406 pectore
2511 4320 2780 4387 reddere
2826 4344 2971 4386 scn-

869 4446 997 4501 sus,
1028 4443 1164 4487 non
1209 4420 1624 4505 valuisse(m)
1673 4425 1913 4486 cuncta
1943 4422 2383 4507 perstringere
2427 4422 2601 4488 bona
2630 4446 2779 4509 quae
2825 4423 2965 4508 pla-

917 4601 1133 4707 fvafogtpe
1155 4613 1268 4702 laon
1311 4598 1577 4650 iqmravit]
1631 4601 1701 4643 i.e.
1737 4600 1872 4643 Certo
1913 4601 1925 4699 1
2017 4598 2036 4627 *²
2063 4600 2363 4653 memoriani]
2393 4602 2691 4653 coetum-nnis.

864 4677 931 4710 sci
1000 4694 1011 4713 ‚
1099 4675 1185 4706 er.
