3600 5800
821 3 836 8 -
913 3 968 6 ἡ
1087 3 1092 4 ’
1136 1 1291 7 ·-·“·-“-
1354 1 1483 7 --·
1546 1 1607 19 f:-
1667 3 1883 8 ’-“”“-Ῠ-
1984 3 2167 6 *mrim*
2212 1 2313 19 Λ-τ-
2370 1 2623 38 -Τ--Ϋ
2658 3 2695 4 Π
2744 3 2759 4 r
2850 1 2899 11 τ’
2930 3 2981 6 -”
3089 1 3277 35 ”tvm-

1283 916 1602 968 merom:
1646 917 1863 969 snmo
1908 916 2278 968 s'rEPHANo.
2639 898 2646 907 ⁴
2749 904 2828 971 71

723 1099 917 1185 jectis
959 1099 1204 1166 nostris
1247 1099 1863 1187 congregationibus
1911 1099 2262 1164 fundentes
2306 1119 2563 1185 precem
2594 1098 2832 1164 oratio-

729 1202 833 1267 nis
876 1202 1321 1281 offerebamus,
1377 1224 1717 1289 quousque
1762 1201 1977 1289 parati
2023 1223 2173 1268 cum
2235 1208 2461 1269 sancto
2522 1201 2834 1288 pontifice

729 1313 953 1373 nostro
1026 1329 1265 1374 navem
1340 1307 1790 1384 ascenderunt,
1855 1311 1924 1372 et
1984 1305 2290 1372 vehiculo
2360 1306 2554 1372 navis
2616 1312 2828 1371 trans-

730 1413 973 1499 portati
1019 1413 1107 1479 ad
1136 1413 1348 1479 litora
1390 1411 1742 1489 Australis,
1776 1411 2061 1477 Domino
2108 1410 2486 1497 praeviante,
2519 1430 2833 1497 pervene-

730 1521 926 1581 runt:
986 1520 1149 1584 tunc
1210 1537 1366 1581 vero
1432 1514 1720 1602 pedestri
1781 1535 2009 1601 gressu
2077 1535 2272 1600 super
2333 1519 2572 1580 terram
2633 1514 2832 1579 simul

728 1618 1119 1704 gradientes,
1186 1618 1430 1686 sanctis
1490 1617 1970 1683 auxiliantibus
2028 1606 2380 1703 Apostolis,
2442 1617 2625 1683 salvo
2685 1638 2831 1703 spa-

718 1721 895 1787 -tioso
959 1723 1214 1800 itinere,
1281 1721 1367 1787 ad
1434 1712 1884 1808 Apostolicam
1947 1721 2287 1786 venientes
2363 1721 2596 1798 sedem,
2665 1736 2830 1807 prse—

729 1827 971 1893 sentati
1049 1827 1468 1904 adstiterunt,
1553 1825 2120 1915 progeniculantes
2202 1824 2392 1891 flexis
2453 1825 2830 1912 poplitibus

729 1928 969 1994 obnixe
1032 1930 1443 1996 obsecrantes
1508 1927 1949 2014 postulabant,
1995 1933 2078 1993 ut
2142 1927 2266 1993 hoc
2329 1926 2590 1992 illorum
2658 1926 2832 2014 lega-

729 2029 933 2095 tionis
973 2030 1353 2108 indiculum,
1388 2030 1690 2116 quamvis
1720 2029 2093 2095 rusticitate
2137 2028 2347 2115 magis
2392 2029 2831 2115 conscriptum

732 2153 931 2218 quam
1008 2133 1406 2199 urbanitatis
1481 2133 1791 2200 facundia
1854 2132 2272 2197 karaxatum·
2321 2139 2651 2218 appareat,
2713 2155 2831 2218 pro

732 2256 855 2301 sua
896 2236 1467 2302 consuetudinaria
1526 2235 1795 2322 pietatis
1859 2235 2207 2302 clementia
2273 2257 2406 2301 non
2444 2235 2832 2322 dedignan-

732 2344 835 2403 ter
878 2339 1296 2425 susciperent.
1390 2338 1627 2404 “Scire
1674 2336 1886 2416 enim,'
1890 2336 2327 2415 ’dicebantst
2331 2343 2656 2403 ‘vestram
2688 2338 2830 2425 dig·
2858 2354 3002 2420 They
3019 2357 3167 2408 claim

734 2440 1091 2506 “nitatem
1165 2439 1289 2506 hoc
1378 2439 1699 2518 volumus,
1776 2446 1858 2504 ut
1931 2439 2262 2505 neminem
2325 2461 2444 2525 per
2508 2440 2831 2507 invidiam
2857 2438 2888 2472 ‘²
2857 2424 3140 2542 ωιέθξξῐᾞ·

733 2550 765 2576 “
809 2542 1245 2608 accusandum
1309 2542 1741 2621 advenimus3
1801 2542 1918 2606 sed
1981 2546 2219 2619 tamen,
2281 2548 2363 2607 ut
2428 2542 2484 2607 si
2549 2542 2696 2629 quis
2760 2542 2833 2608 in
2859 2560 3008 2621 papa}
3032 2574 3092 2621 pr
3067 2573 3148 2607 ro-

733 2653 765 2678 “
808 2649 1027 2709 vestro
1072 2642 1451 2711 beatissimo
1495 2642 1769 2710 concilio
1816 2649 2044 2709 contra
2085 2664 2206 2709 nos
2249 2643 2518 2710 aliunde
2562 2647 2832 2711 veniens
2857 2624 2978 2675 “mi
2962 2641 3060 2676 '’⁰¹³

732 2753 766 2781 “
808 2746 1100 2832 aliquam
1168 2745 1454 2832 proferre
1499 2767 1699 2812 ausus
1745 2744 1837 2810 sit
1881 2746 2317 2813 accusationis
2379 2746 2832 2832 objectionem,

732 2856 764 2882 “
809 2849 879 2914 in
925 2854 1248 2935 quantum
1295 2852 1518 2914 vestra
1581 2847 1945 2934 adjuvante
2011 2844 2359 2918 clementia
2416 2849 2832 2931 valuerimus

732 2960 764 2985 ‘⁴
809 2957 930 3016 aut
974 2971 1301 3028 excusare,
1349 2950 1407 3015 si
1471 2950 1651 3028 falsa,
1698 2956 1821 3017 aut
1880 2951 2196 3030 confiteri,
2263 2950 2318 3017 si
2387 2975 2561 3035 vera,
2617 2955 2832 3042 parati

733 3062 771 3136 “.
810 3076 1052 3119 sumus,
1146 3053 1518 3121 Clementia
1561 3075 1717 3169 ergo
1776 3054 2153 3121 Conditoris
2212 3056 2436 3134 nostri,
2485 3061 2554 3121 et
2612 3058 2832 3124 beato-

734 3164 765 3189 ‘·
811 3178 957 3220 rum
1003 3155 1467 3243 Apostolorum
1512 3155 1829 3243 principis
1891 3157 2185 3243 protecti,
2232 3158 2318 3223 ad
2376 3157 2548 3226 hanc
2595 3160 2833 3245 glorio-

733 3267 766 3293 “
810 3259 1132 3325 sissimam
1208 3259 1443 3338 sedem,
1522 3259 1710 3346 quasi
1787 3259 1873 3325 ad
1964 3261 2194 3334 matris
2267 3262 2606 3347 gremium,
2685 3286 2834 3330 con-

733 3368 766 3450 ‘f
810 3360 1115 3448 fugimus,
1225 3361 1593 3427 sufferendo
1702 3361 2017 3448 quicquid
2131 3367 2353 3429 vestra
2458 3363 2837 3431 beatissima

735 3470 767 3495 “
810 3461 1235 3549 imperaverit
1249 3462 1273 3500 ¹
1319 3462 1730 3529 auctoritas?

766 3553 1076 3629 Deinde
1120 3564 1346 3650 itaque
1389 3586 1435 3629 a
1476 3562 1855 3630 beatissimo
1901 3565 2279 3652 Apostolico
2325 3587 2499 3682 papa
2526 3566 2574 3633 J
2574 3568 2832 3635 ohanne
2857 3582 3001 3647 They
3025 3598 3120 3633 παι
3105 3581 3148 3632 it

733 3669 996 3731 sanctus
1088 3664 1392 3752 pontifex
1472 3643 1712 3744 noster,
1789 3665 2170 3732 Wilfrithus
2246 3668 2604 3757 episcopus,
2681 3693 2830 3738 cum
2856 3649 2910 3699 f⁰
2913 3664 2939 3699 Γ
2959 3665 3037 3700 ⁸
3012 3649 3172 3715 effi·

733 3767 1274 3834 reverentissimis
1335 3768 1752 3855 presby-teris,
1814 3774 1885 3834 et
1962 3770 2142 3836 omni
2218 3770 2389 3839 clero
2452 3774 2831 3854 venerabili,
2857 3716 3107 3834 gladiio-hi
3093 3781 3158 3833 le

730 3867 1014 3955 benigna
1084 3868 1334 3956 pietate
1422 3875 1776 3958 susceptus,
1870 3870 2179 3958 glorificae
2267 3872 2438 3938 sedis
2527 3896 2837 3962 responsa
2859 3849 3145 3966 ζῗΒζξῗῌῘὸ

731 3976 1197 4059 exspectantes,
1243 3995 1361 4060 per
1425 3973 1681 4060 aliquot
1746 3974 1887 4040 dies
1938 3973 2431 4061 requiescentes,
2497 3978 2836 4044 mansione
2861 3982 2994 4032 wald
3014 3997 3098 4032 ar-

730 4077 1105 4143 voluntaria
1146 4083 1516 4165 praeparata
1543 4084 1943 4162 manserunt.
2035 4078 2312 4146 Interim
2344 4100 2603 4168 quoque
2633 4081 2835 4169 legati
2859 4047 2980 4100 rive.

731 4197 772 4242 a
832 4183 1057 4245 sancto
1107 4178 1591 4267 archiepiscopo
1661 4179 2055 4247 Berhwaldo
2130 4203 2282 4248 cum
2357 4182 2495 4249 81118
2570 4184 2833 4271 scriptis

729 4278 1160 4346 accusationis
1224 4281 1311 4347 ad
1373 4281 1823 4367 Apostolicam
1888 4283 2109 4349 sedem
2178 4283 2429 4362 directi,
2506 4285 2834 4372 supplices

731 4388 1029 4468 petentes
1096 4383 1225 4450 sibi
1288 4384 1628 4471 pr'aebendi
1689 4407 1733 4452 a
1797 4386 2268 4473 gloriosissima
2330 4388 2482 4454 sede
2526 4389 2832 4480 auditum

672 4547 679 4553 .
728 4483 1074 4572 legationis
1148 4509 1301 4566 81188,
1371 4510 1503 4575 qua
1568 4489 2028 4577 fungebantur,
2105 4491 2304 4557 simul
2377 4499 2833 4579 pervenerunt.

730 4583 917 4654 Tunc
989 4610 1145 4656 vero
1218 4590 1640 4657 beatissimus
1714 4592 2135 4679 Apostolicus
2209 4593 2257 4660 J
2257 4593 2548 4662 ohannes
2642 4589 2838 4684 papa,

2369 4759 2628 4769 *ma—-

1383 4834 1395 4864 ¹
1433 4833 1773 4901 imperaverit]
1804 4834 2093 4902 imperabit,
2118 4831 2186 4891 Α.
