3600 5800
902 854 1034 925 478
1766 871 2139 922 Arra-unu.

1500 1100 1918 1167 CArrrULmr
1974 1099 2388 1167 SECUNDUM.

988 1249 1147 1314 Post
1185 1248 1328 1316 haec
1357 1250 1603 1316 Beatus
1633 1249 1982 1315 Wilfridus
2022 1250 2111 1316 ad
2154 1250 2378 1316 natale
2423 1249 2636 1314 solum
2683 1270 3005 1327 reversus,

899 1349 1535 1418 Christianissimum
1580 1375 1802 1440 regem
1850 1351 2173 1439 Oswyum
2217 1373 2650 1418 successorem
2684 1357 3007 1416 beatissimi

560 1465 799 1547 Eadmer,
895 1462 1050 1533 regis
1075 1466 1134 1518 et
1156 1463 1430 1535 martyris
1454 1462 1706 1520 Oswaldi
1739 1458 2133 1541 regnantem
2176 1453 2454 1519 invenit.
2547 1461 2788 1534 Oswyus
2811 1461 3003 1515 filium

561 1547 804 1598 ⁰²1³·V111·
896 1580 1066 1618 suum
1100 1564 1398 1621 Alfi-idum
1447 1565 1619 1637 regni
1655 1565 1878 1621 socium
1928 1565 2042 1621 sibi
2076 1565 2400 1622 constituit.
2518 1555 2700 1622 Huic
2741 1553 3004 1619 Alfrido

895 1653 1241 1723 Wilfridus
1304 1677 1561 1722 summa
1620 1655 2075 1722 familiaritate
2135 1656 2525 1747 conjunctus
2586 1664 2775 1720 tribus
2831 1662 3004 1718 annis

893 1756 1036 1842 ejus
1081 1767 1303 1823 curiam
1337 1766 1506 1834 fovit,
1545 1773 1605 1823 et
1640 1767 1859 1822 virtute
1894 1765 2078 1822 animi
2113 1766 2389 1837 gratiam,
2428 1766 2695 1838 gloriam,
2723 1768 2783 1819 et
2818 1761 3000 1818 hono-

893 1874 1018 1911 rem
1044 1856 1157 1912 sibi
1191 1855 1565 1927 comparavit.
1641 1853 1813 1910 'Unde
1847 1859 1908 1910 et
1941 1853 2111 1925 regio
2147 1872 2389 1911 munere
2426 1859 2648 1921 auctus,
2697 1844 2858 1909 data.
2900 1849 3004 1908 eet

895 1949 956 2014 ei
1010 1950 1083 2013 in
1127 1948 1365 2034 Rippis
1408 1947 1665 2014 mansio
1710 1969 1846 2033 qua
1889 1947 2265 2014 coenobium
2325 1947 2704 2025 aedificaret,
2751 1946 2869 2011 ubi
2913 1945 3003 2012 ab

894 2049 1168 2115 Alberto
1246 2049 1774 2115 Occidentalium
1851 2048 2194 2116 Saxonum
2271 2050 2578 2136 episcopo
2655 2048 3002 2135 presbyter

897 2153 1237 2220 ordinatus
1283 2157 1385 2218 est
1428 2157 1500 2218 et
1542 2153 1761 2218 abbas.

965 2256 1130 2312 Mota
1152 2260 1241 2312 est
1263 2261 1461 2311 autem
1483 2273 1552 2312 ea
1572 2260 1916 2327 tempestate
1939 2255 2183 2326 quaestio
2212 2254 2284 2311 de
2307 2253 2706 2312 observatione
2738 2254 3001 2321 Paschae,

894 2366 1023 2420 quae
1058 2365 1277 2420 magna
1310 2354 1372 2405 et
1401 2347 1671 2422 frequens
1707 2354 1946 2404 eatenus
1976 2348 2267 2414 extiterat,
2292 2348 2670 2420 probantibus
2699 2338 3003 2405 Ajlberto

558 2446 668 2496 The
683 2447 871 2525 nester
893 2442 1210 2528 praedicto
1271 2447 1340 2507 et
1383 2441 1692 2508 Wilfrido
1735 2442 1811 2505 in
1870 2441 2124 2528 synodo
2169 2447 2579 2528 congregata,
2631 2450 2787 2523 quod
2837 2448 3001 2506 Seoti

560 2520 812 2577 q⁰⁶⁸t¹⁰¹¹·
896 2544 1012 2629 qui
1055 2544 1145 2610 ad
1192 2543 1468 2609 eandem
1530 2547 1991 2620 convenerant,
2039 2543 2216 2608 diem
2260 2542 2687 2609 Dominicum
2731 2541 2999 2609 Paschae

894 2645 1298 2711 celebrarent
1357 2659 1558 2710 contra
1603 2672 1828 2710 morem
1879 2652 2223 2710 universalis
2269 2653 2544 2710 ecclesiae.
2659 2642 3000 2710 Convictis

895 2747 1103 2833 igitur
1165 2745 1397 2823 ScotiS‚
1442 2744 1594 2810 falsi
1654 2745 1923 2812 Paschae
1986 2767 2269 2811 errorem
2324 2745 2664 2840 wilfridus
2724 2745 3000 2833 depulit,

556 2846 722 2909 Idem,
744 2861 853 2913 cap.
895 2854 964 2915 et
1008 2849 1352 2916 scientiam
1413 2848 1577 2915 recti
1635 2848 1921 2916 reduxit.
2036 2848 2236 2916 Unde
2279 2875 2354 2916 ex
2400 2858 2512 2915 hoc
2561 2874 2793 2931 magnas
2842 2856 3000 2931 apud

894 2977 1094 3016 omnes
1129 2965 1219 3016 est
1247 2958 1607 3016 venerationi
1639 2958 1892 3027 habitus,
1930 2952 2005 3015 in
2033 2956 2300 3017 tantum
2332 2951 2509 3036 quod
2542 2977 2579 3015 a
2598 2976 2743 3031 rege
2765 2957 3000 3015 Alfrido

892 3059 1073 3117 totius
1131 3059 1318 3132 plebis
1376 3059 1792 3116 acclamatione
1850 3060 1926 3117 ad
1993 3038 2445 3139 episcopatum
2522 3051 2998 3118 Eboraeensem

893 3161 1151 3233 eligitur,
1189 3158 1259 3218 et
1302 3152 1459 3238 quia
1505 3158 1669 3217 tunc
1712 3151 1898 3218 sedes
1931 3153 2427 3220 cantuariensis
2468 3153 2671 3220 etiam
2699 3153 2999 3231 vacabat,

893 3257 979 3323 ad
1023 3257 1415 3343 praedictum
1467 3256 1847 3321 Ailbertum
1909 3263 2071 3323 tunc
2118 3257 2463 3323 Parisiacae
2522 3256 2815 3322 civitatis
2859 3257 2999 3343 epi-

892 3381 1161 3447 scopum
1221 3382 1340 3447 pro
1394 3359 1879 3427 consecratione
1942 3359 2270 3446 dirigitur.
2395 3358 2555 3425 Non
2618 3359 2794 3424 enim
2854 3364 3000 3426 erat

894 3467 1055 3528 tunc
1105 3472 1169 3526 in
1217 3476 1343 3526 tota
1400 3469 1705 3525 Britannia
1751 3468 1962 3542 aliquis
2015 3469 2317 3542 episcopus
2375 3461 2505 3527 rite
2566 3466 2997 3541 consectam,

892 3558 1131 3637 praeter
1174 3558 1347 3616 Wine
1388 3555 1848 3614 Occidentalium
1901 3557 2196 3613 Saxonum
2254 3557 2603 3631 episcopum.
2699 3558 2998 3616 Ailbertus

892 3674 1045 3739 ergo
1099 3653 1439 3738 episcopus
1483 3648 1868 3714 Wilfridum
1916 3648 2272 3716 honorifice
2317 3652 2620 3738 suscepit,
2677 3657 2748 3717 et
2797 3661 3005 3733 coope-

890 3751 1153 3807 rantibus
1189 3766 1324 3806 eum
1358 3746 1628 3803 undecim
1664 3746 1948 3820 episcopis
1982 3740 2109 3804 rite
2145 3749 2519 3806 consecravit.

963 3838 1088 3907 Quo
1126 3842 1258 3910 post
1291 3835 1713 3891 ordinationem
1749 3852 1915 3892 suam
1951 3837 2015 3892 in
2037 3839 2442 3895 transmarinis
2476 3839 2741 3911 paribus
2775 3831 2996 3896 demo-

891 3922 1098 3995 rante,
1159 3924 1226 3980 hi
1285 3940 1531 3996 quorum
1590 3929 1760 3979 sectae
1822 3924 2082 3996 pravitas
2139 3944 2245 3997 per
2298 3943 2432 3982 eum
2482 3926 2710 3999 pridem
2769 3926 2999 3984 detecta

553 4013 717 4092 Idem,
731 4028 842 4078 cap.
888 4016 1083 4071 fuerat
1140 4018 1315 4084 atque
1372 4001 1669 4080 dissecta,
1727 4012 2229 4083 rependendarum
2287 4013 2637 4086 injuriarum
2695 4032 2820 4073 sese
2870 4015 2999 4087 jam

552 4095 642 4131 ¹¹¹·
888 4112 1120 4178 tempus
1156 4106 1547 4177 opportunum
1582 4102 1868 4175 accepisse
1902 4110 2193 4178 putantes,
2231 4123 2433 4178 regem
2469 4106 2729 4163 Oswium
2762 4106 2998 4163 fraudu-

553 4198 766 4252 wilfrid
887 4192 1049 4248 lenta
1082 4189 1400 4247 calliditate
1434 4188 1840 4245 convenientes
1878 4190 2363 4257 circumveniunt,
2392 4189 2898 4247 circumveniendo
2934 4192 2999 4247 in

553 4269 654 4317 and
676 4268 838 4320 Chad-
888 4291 1016 4330 eam
1069 4271 1417 4330 sententiam
1470 4271 1711 4336 ducunt,
1750 4277 2035 4342 quatenus
2085 4272 2373 4329 Oeaddam
2420 4273 2694 4331 Eboraoae
2741 4272 3001 4331 civitatis

889 4358 1223 4430 episcopum
1262 4355 1392 4412 fieri
1419 4353 1640 4425 jubeat,
1678 4373 1754 4411 ne
1788 4357 2032 4413 ecclesia
2071 4356 2291 4413 diutius
2326 4363 2560 4414 carente
2593 4363 2820 4430 pastore
2855 4358 3000 4415 fides

889 4442 1108 4499 Christi
1154 4441 1475 4514 quamlibet
1513 4439 1803 4511 jacturam
1851 4442 2145 4498 incur-rate
2197 4442 2519 4515 praesertim
2559 4459 2696 4498 cum
2742 4443 2995 4515 penitus,

885 4525 1179 4598 inquiunt,
1236 4524 1540 4597 ignoretur
1589 4541 1702 4595 quo
1736 4524 2045 4582 Wilfridus
2093 4525 2412 4594 devenerit,
2462 4544 2636 4597 quem
2686 4525 2763 4582 ad
2813 4526 2998 4597 ipsius

886 4610 1142 4666 ecclesioe
1189 4609 1451 4680 regimen
1487 4608 1564 4665 ad
1605 4607 1993 4665 ordinandum
2042 4610 2107 4669 in
2144 4609 2398 4666 Galliam
2447 4609 2716 4667 Alfi-idus
2764 4610 2994 4668 direxit.

884 4692 1016 4748 Hac
1050 4693 1309 4765 ipsorum
1341 4692 1599 4750 versutia
1630 4710 1733 4749 rex
1768 4692 1993 4750 Oswius
2027 4691 2261 4751 incaute
2301 4699 2639 4767 praereptus,
2676 4693 2815 4751 dato
2848 4711 2997 4768 prae-

885 4776 1007 4832 fato
1045 4774 1291 4833 Oeaddae
1328 4775 1512 4848 ipsius
1548 4775 1803 4834 ecclesiae
1842 4776 2208 4850 pontificatu,
2244 4778 2410 4837 misit
2443 4795 2580 4837 eum
2616 4776 2884 4837 cantiam
2932 4777 2997 4835 in
