3600 5800
826 862 954 925 236
1488 877 2021 937 BREVILOQUIUM
2068 879 2248 927 vrrAE

485 1062 596 1112 The
620 1077 767 1113 soene
818 1079 895 1124 ac
984 1078 1290 1142 personas
1373 1059 1787 1123 cantantium
1877 1080 2093 1124 coram
2185 1059 2381 1125 altari
2476 1082 2561 1125 ex
2650 1059 2923 1125 vocibus

482 1129 759 1179 described.
817 1161 1077 1245 ignotas
1149 1158 1505 1235 habuisset,
1583 1158 1929 1244 paululum
2005 1160 2322 1226 substitit.
2447 1161 2619 1246 Ipsis
2695 1167 2922 1226 autem

816 1261 895 1325 H
890 1259 1037 1327 σάω
1081 1259 1146 1326 31
1189 1260 1402 1328 vocem
1444 1259 1619 1345 Ejus
1664 1259 2031 1327 audieritis
2077 1262 2587 1339 concinentibus
2621 1262 2921 1347 aliquan·
2952 1268 3084 1320 Heb.
3110 1269 3183 1320 iii.
3210 1276 3257 1324 7.

817 1362 1036 1426 tulum
1082 1362 1299 1428 oculos
1360 1362 1435 1426 in
1496 1362 1766 1429 chorum
1835 1363 2101 1428 direxit.
2197 1364 2327 1444 Qui
2375 1386 2525 1431 cum
2593 1364 2923 1429 neminem

817 1464 1001 1528 intus
1068 1463 1339 1539 videret,
1389 1469 1457 1528 et
1525 1469 1748 1528 tamen
1793 1464 2087 1529 suavitas
2156 1471 2609 1543 concentuum,
2671 1486 2927 1530 necnon

822 1564 1096 1630 dulcedo
1140 1586 1375 1631 vocum
1422 1587 1573 1629 eum
1632 1564 1905 1630 mirifice
1951 1565 2365 1642 demulceret,
2411 1572 2596 1631 ratus
2643 1573 2745 1631 est
2804 1566 2927 1633 hoc

821 1666 948 1730 sibi
992 1666 1341 1751 contigisse
1386 1688 1472 1731 ex
1503 1666 1840 1732 oculorum
1886 1666 2341 1732 obscuratione
2374 1688 2522 1752 quae
2567 1666 2711 1732 fieri
2757 1666 2925 1731 solet

821 1789 905 1831 ex
966 1768 1212 1836 recenti
1278 1768 1684 1833 dormitione.
1781 1767 1952 1834 Cum
2018 1769 2224 1853 igitur
2292 1768 2619 1834 diceretur
2687 1766 2924 1835 Gloria

818 1868 1042 1949 Patri,
1089 1869 1360 1935 chorum
1389 1869 1708 1948 intravit3
1752 1868 1970 1934 locum
2014 1869 2087 1932 in
2119 1890 2247 1953 quo
2292 1876 2465 1934 stare
2495 1875 2924 1934 consueverat

818 1971 1022 2050 adiit3
1067 1970 1183 2034 ubi
1226 1979 1426 2048 stans,
1473 1977 1542 2035 et
1586 1970 1870 2035 melodia
1914 1971 2329 2037 cantantium
2374 1972 2668 2036 suaviter
2690 1971 2921 2057 jocun-

820 2073 1116 2151 dabatur,
1149 2077 1217 2137 et
1262 2072 1433 2138 clare
1477 2073 1700 2136 omnia
1729 2072 2154 2157 conspicienS‚
2196 2079 2265 2138 et
2294 2073 2625 2138 neminem
2672 2074 2921 2149 videns,

818 2174 1195 2239 mirabatur.
1322 2173 1492 2239 Cum
1569 2174 1795 2258 itaque
1888 2173 1981 2239 sic
2056 2179 2330 2260 stupens
2420 2179 2641 2252 staret,
2718 2196 2921 2241 necne

819 2281 1125 2341 canentes
1188 2275 1609 2351 auscultaret,
1677 2274 2078 2340 Invitatorio
2143 2275 2335 2353 dict0,
2392 2275 2704 2360 Hymnus
2779 2276 2921 2351 iste,

821 2376 1174 2463 Gowfessor‚
1242 2378 1327 2441 ab
1373 2397 1508 2441 uno
1574 2376 1908 2462 incipitur,
1954 2382 2156 2461 atque
2201 2398 2241 2442 a
2309 2377 2741 2442 multitudine
2784 2398 2922 2441 sus-

818 2484 1045 2563 ceptus
1122 2478 1374 2543 canoris
1438 2478 1710 2545 vocibus
1780 2477 2183 2543 decantatur.
2277 2477 2524 2543 Verum
2587 2499 2722 2542 non
2780 2478 2921 2563 jam

810 2580 1013 2663 juxta
1087 2600 1170 2656 se,
1249 2580 1363 2644 sed
1432 2580 1712 2665 desuper
1775 2580 1966 2664 quasi
2015 2579 2089 2643 in
2150 2579 2568 2663 laquearibus
2636 2578 2922 2644 ecclesiae

816 2679 1170 2765 psallentes
1215 2680 1342 2745 sibi
1388 2681 1739 2746 videbatur
1784 2681 2029 2755 audire,
2077 2679 2299 2764 sicque
2361 2679 2654 2745 canendo
2697 2700 2921 2744 ascen-

816 2781 1062 2859 dentes,
1151 2788 1220 2847 et
1306 2782 1713 2848 ascendendo
1802 2781 2108 2846 auditum
2198 2780 2420 2846 fratris
2511 2779 2919 2844 intendentis

815 2883 1157 2971 fugientes,
1228 2885 1357 2972 ipsi
1419 2885 1632 2950 sancti
1691 2881 1932 2968 Angeli
1994 2882 2110 2967 qui
2174 2887 2509 2961 venerant,
2557 2881 2774 2947 Deum
2844 2883 2917 2948 in

817 2985 1060 3053 Sancto
1107 2986 1241 3052 Suo
1306 2985 1675 3051 mirabilem
1739 2984 2088 3051 laudantes
2159 2984 2231 3047 in
2299 2983 2583 3068 hymnis,
2631 2983 2920 3050 caelestia

812 3089 1209 3175 repetebant.

903 3190 1079 3255 Sunt
1137 3194 1206 3254 et
1251 3188 1552 3274 quaedam
1613 3188 1745 3253 alia
1808 3189 1879 3251 in
1946 3187 2113 3253 festo
2176 3186 2512 3272 saepedicti
2574 3188 2782 3273 patris
2845 3188 2917 3251 in

814 3292 1039 3357 eadem
1102 3290 1369 3358 ecclesia
1432 3289 1897 3356 Cantuariensi
1958 3290 2118 3368 visa,
2167 3311 2315 3375 quae
2376 3288 2615 3355 idcirco
2678 3291 2915 3355 referre

813 3395 1138 3471 timemuS,
1200 3415 1284 3458 ne
1330 3392 1715 3478 prolixitate
1760 3414 1985 3458 eorum
2031 3391 2367 3459 dilectioni
2413 3398 2648 3457 vestrae
2711 3393 2916 3478 quod-

475 3493 710 3610 &notger
812 3496 977 3562 libet
1051 3497 1394 3561 fastidium
1468 3518 1871 3582 generemus.
1987 3495 2437 3561 Veruntamen
2511 3495 2634 3561 hoc
2710 3518 2917 3561 unum

474 3574 607 3689 ἐξ),
628 3576 720 3674 121.
813 3600 1037 3684 paucis
1084 3600 1389 3678 dicemus,
1438 3601 1620 3686 quod
1660 3600 1961 3685 sequenti
2030 3621 2204 3665 anno
2250 3606 2600 3685 postquam
2667 3599 2915 3665 factum

474 3691 720 3806 ζξῇξθῇθ·
812 3707 913 3766 est
958 3700 1132 3784 quod
1176 3701 1371 3767 modo
1417 3701 1780 3777 retulimus,
1831 3699 2101 3785 quidam
2146 3700 2227 3765 de
2273 3701 2636 3766 senioribus
2697 3702 2904 3787 ipsius

476 3833 686 3884 AElfwin
811 3801 1095 3868 ecclesiae
1157 3801 1487 3881 fratribus,
1534 3802 1889 3867 AElfwinus
1951 3802 2232 3878 nomine,
2279 3802 2384 3866 vir
2447 3802 2788 3889 religiosus
2848 3809 2917 3869 et

477 3914 588 3949 sees
610 3915 642 3949 ³
664 3901 757 3951 mi-
809 3904 987 3971 credi
1073 3904 1513 3991 dignissimus,
1592 3904 1705 3990 qui
1784 3908 1853 3967 et
1927 3902 2068 3987 ipse
2143 3903 2475 3968 secretarii
2549 3904 2914 3971 ministerio

471 3968 707 4096 mpus
808 4007 1146 4091 hucusque
1191 4005 1507 4091 fungitur,
1555 4004 1679 4068 sibi
1727 4003 1944 4067 visum
1991 4024 2128 4068 esse
2174 4009 2470 4069 testatur.
2563 4006 2684 4072 Ait
2737 4008 2911 4072 enim

810 4110 967 4197 quia
1011 4109 1170 4174 dum
1214 4110 1359 4193 ipsa
1403 4112 1594 4173 nocte
1638 4105 2027 4170 festivitatis
2074 4111 2265 4172 extra
2317 4106 2587 4173 chorum
2634 4109 2707 4172 in
2751 4131 2911 4194 quo-

808 4216 960 4281 dam
1008 4213 1184 4278 edito
1229 4210 1437 4296 ipsius
1481 4206 1765 4274 ecclesiae
1811 4207 1950 4274 loco
1997 4230 2213 4274 coram
2257 4209 2467 4287 altari,
2500 4233 2696 4297 super
2734 4213 2911 4297 quod

809 4322 970 4381 tunc
1015 4312 1326 4398 temporis
1387 4309 1683 4395 reliquiae
1729 4308 1922 4375 Beati
1970 4309 2261 4376 Wilfridi
2306 4311 2378 4375 in
2438 4310 2675 4379 feretro
2721 4321 2912 4379 erant

809 4419 1076 4495 locatae,
1111 4416 1486 4502 quiesceret,
1565 4420 1635 4479 et
1706 4434 1829 4479 nec
1903 4414 2095 4500 plene
2170 4414 2455 4500 vigilans
2522 4437 2645 4482 nec
2718 4417 2909 4503 plene

810 4519 1139 4586 dormiens
1192 4518 1455 4603 jaceret,
1503 4516 1825 4601 aspiciens
1869 4515 2046 4581 vidit
2106 4521 2315 4581 totam
2362 4517 2697 4583 ecclesiam
2741 4520 2908 4584 miro

811 4626 879 4685 et
940 4619 1258 4685 ineffabili
1321 4619 1572 4707 fulgore
1639 4617 1994 4704 splendere.
2089 4617 2317 4684 Altare
2390 4625 2613 4684 autem
2689 4620 2907 4705 ipsum

810 4723 994 4806 quasi
1041 4728 1259 4788 totum
1289 4746 1562 4790 aureum
1608 4724 1853 4788 eximio
1883 4725 2315 4809 pretiosorum
2346 4724 2640 4810 lapidum
2685 4725 2907 4791 nitens
