3600 5800
1301 916 1466 965 vrrs
1507 917 1561 966 s.
1607 915 1951 966 mmmm
2543 902 2676 966 483

577 1107 781 1180 pluvia
828 1105 1130 1164 ceciderat.
1204 1104 1595 1190 Quamobrem
1644 1105 1830 1160 fames
1881 1104 2254 1161 acerbissima
2300 1105 2534 1177 plebem
2583 1106 2673 1160 in-

575 1192 822 1254 vaserat,
861 1204 929 1242 ac
957 1177 1181 1263 impiae
1225 1176 1373 1241 neci
1417 1187 1823 1255 prostraverat.
1913 1183 2176 1256 Denique
2234 1185 2452 1250 ferunt,
2501 1177 2681 1262 quod

575 1290 729 1345 saepe
784 1273 1175 1345 quadraginta
1207 1272 1384 1329 simul
1426 1284 1505 1329 ac
1547 1271 1978 1342 quinquaginta
2026 1272 2293 1328 homines
2326 1273 2523 1331 inedia
2554 1294 2677 1332 ma-

573 1361 773 1427 cerati,
813 1361 889 1418 ad
921 1361 1314 1434 pmcipitium
1336 1360 1575 1432 aliquod
1608 1360 1732 1415 sive
1775 1351 1989 1437 ripam
2033 1352 2233 1417 maris
2260 1364 2679 1454 procedebant,

575 1445 635 1495 et
661 1441 885 1512 junctis
933 1441 1145 1496 misere
1184 1440 1454 1496 manibus
1505 1439 1727 1512 pariter
1778 1457 1980 1496 omnes
2032 1447 2135 1497 aut
2182 1441 2357 1498 ruina
2408 1444 2674 1515 perituri,

575 1529 680 1579 aut
736 1523 1011 1580 fluctibus
1068 1522 1413 1579 absorbendi
1471 1523 1836 1579 decidebant.
1932 1522 2152 1581 Verum
2215 1524 2342 1597 ipso
2402 1527 2497 1582 die
2557 1545 2675 1599 quo

574 1605 929 1679 baptismum
975 1606 1115 1662 fidei
1147 1624 1292 1678 gens
1340 1607 1611 1678 suscepit,
1649 1607 1725 1661 ad
1770 1623 1973 1678 preces
2008 1607 2209 1663 eximii
2241 1609 2423 1681 patris
2473 1611 2678 1682 pluvia

574 1704 794 1754 serena,
826 1699 905 1744 ac
933 1687 1165 1759 eopiosa
1198 1685 1509 1744 descendit.
1572 1686 1858 1742 Refloruit
1878 1691 2055 1752 terra,
2081 1688 2259 1744 rediit
2279 1688 2671 1746 viridantibus

573 1766 728 1822 arvis
786 1785 972 1824 annus
1031 1767 1201 1822 laetus
1248 1784 1318 1823 ac
1377 1766 1662 1838 frugifer3
1716 1765 1917 1837 sicque
1951 1766 2177 1838 abjecta
2238 1770 2671 1841 superstitione,

575 1837 854 1924 antiqua
914 1847 1213 1903 exsufflata
1259 1846 1548 1912 idolatria,
1606 1863 1696 1902 cor
1762 1845 2029 1900 omnium
2086 1851 2139 1902 et
2205 1866 2338 1906 caro
2404 1852 2677 1908 eoeultave-
2702 1854 2841 1904 Psal.

574 1930 713 1981 runt
769 1945 837 1983 m
885 1928 1071 1984 Dewm
1109 1927 1321 1992 vivwm,
1360 1925 1752 1996 intelligentes
1803 1941 1938 1980 eum
1991 1924 2104 1994 Qui
2138 1945 2309 1985 verus
2359 1936 2450 1986 est
2498 1917 2978 1999 Deus,l¹¹1ffi·³·

574 2009 635 2060 et
668 2006 1042 2062 interioribus
1075 2011 1136 2061 et
1170 2005 1553 2062 exterioribus
1587 2022 1651 2061 se
1685 2004 1855 2059 bonis
1896 1997 2116 2082 gratia
2158 2000 2404 2066 caelesti
2448 2011 2678 2069 ditasse.

646 2092 929 2165 Tempore
972 2084 1088 2151 illo
1131 2111 1234 2150 rex
1282 2092 1572 2149 Edilwalh
1630 2091 1870 2148 donavit
1927 2111 2094 2151 servo
2165 2097 2403 2154 Domini
2459 2105 2679 2155 terram

574 2174 875 2244 octoginta
930 2178 1152 2246 septem
1205 2173 1578 2238 familiarum,
1639 2171 1920 2229 vocabulo
1975 2174 2248 2250 Seliseye,
2300 2178 2403 2234 ubi
2453 2196 2682 2235 monas-

573 2266 790 2322 terium
849 2257 1320 2324 monachorum
1373 2265 1658 2334 fundavit,
1706 2262 1777 2322 et
1821 2258 2115 2345 quinque
2165 2263 2359 2328 annis
2425 2270 2681 2327 officium

575 2364 962 2438 episcopatus,
1009 2359 1231 2426 sedem
1273 2358 1521 2424 ibidem
1564 2357 1835 2436 habene,
1881 2362 2152 2418 omnibus
2185 2363 2355 2420 valde
2402 2380 2572 2420 carus
2620 2367 2682 2418 et

574 2452 949 2522 honorabilis,
988 2456 1443 2513 administrabat.
1534 2446 1840 2513 Durabat
1883 2448 2109 2510 autem
2154 2451 2314 2508 sedes
2338 2449 2680 2524 episcopalis

575 2533 823 2600 ibidem
884 2558 1004 2624 per
1064 2537 1279 2604 multa
1339 2542 1652 2623 tempora,
1727 2537 1846 2602 sed
1911 2534 2143 2621 postea
2213 2541 2279 2595 in
2337 2538 2680 2598 Oicestriam

576 2643 805 2695 mutata
838 2645 943 2696 eet.

1205 2861 1623 2931 CAPITULUM
1669 2861 2036 2931 OcrAvuu.

649 3017 789 3074 Post
820 3018 949 3074 hoeo
980 3036 1116 3076 cum
1151 3019 1459 3086 Oedwalla,
1494 3021 1595 3092 qui
1618 3020 1691 3075 ab
1715 3019 1891 3076 exilio
1927 3019 2154 3075 meritis
2191 3023 2251 3074 et
2285 3006 2685 3073 tuitiombus

574 3104 743 3160 Beati
790 3106 1049 3163 Wilfridi
1103 3107 1296 3161 fuerat
1348 3113 1671 3171 revocatus,
1727 3106 1976 3161 Vectam
2024 3104 2276 3160 insulam
2326 3104 2481 3159 bello
2555 3095 2682 3159 sibi
2710 3101 2950 3160 Efflmer,

577 3184 837 3248 studuit
882 3185 1249 3271 subjugare.
1341 3192 1557 3248 Fuerat
1591 3198 1786 3247 autem
1823 3191 2025 3247 eadem
2058 3191 2254 3246 insula
2277 3195 2519 3246 eatenus
2554 3195 2682 3245 tota
2710 3182 2820 3230 ⁰⁸1³·
2839 3165 2954 3216 ¹¹¹¹·

513 3290 522 3299 ·
575 3269 863 3326 idolatriae
913 3271 1125 3328 dedita.
1198 3272 1317 3327 Ubi
1370 3289 1508 3327 vero
1543 3272 1619 3326 ad
1664 3276 1959 3326 certamen
1993 3274 2234 3325 ventum
2284 3274 2390 3334 est,
2429 3275 2565 3324 voto
2621 3287 2684 3324 se
2708 3271 2953 3325 wilfrid
2936 3288 2993 3322 m

576 3360 933 3410 memoratus
969 3356 1256 3427 princeps,
1295 3356 1562 3427 quamvis
1596 3354 1862 3410 nondum
1913 3354 1979 3408 in
2013 3353 2246 3409 Christo
2293 3357 2681 3425 regeneratus,
2708 3340 2796 3390 *Μ
2818 3340 2924 3390 1⁸¹0
2946 3337 3006 3390 ⁰f

576 3437 865 3503 astrinxit,
905 3436 1182 3507 quoniam
1241 3438 1292 3492 si
1342 3438 1532 3493 victor
1589 3437 1845 3492 insulam
1905 3435 2169 3507 cepisset,
2224 3442 2493 3533 quartam
2552 3436 2680 3508 ejus
2709 3405 2908 3472 ΜΒΝ

574 3525 801 3593 partem
836 3521 1010 3576 simul
1046 3525 1104 3576 et
1137 3520 1350 3593 proedae
1387 3520 1620 3577 Christo
1655 3519 1909 3575 Domino
1945 3518 2126 3575 daret.
2201 3518 2369 3588 Quod
2402 3520 2527 3590 ipse
2561 3521 2682 3576 vic-

574 3604 731 3659 toria
777 3621 916 3659 usus
949 3604 1150 3660 taliter
1185 3604 1381 3670 solvit,
1420 3610 1489 3661 ut
1540 3605 1692 3659 hanc
1726 3602 1907 3659 Beato
1941 3603 2217 3660 wilfrido
2264 3603 2539 3659 utendam
2576 3622 2682 3675 pro

576 3686 827 3742 Domino
862 3686 1111 3743 offerret.
1183 3688 1263 3742 Et
1297 3688 1572 3760 quoniam
1620 3704 1900 3742 mensura
1933 3685 2197 3757 ejusdem
2249 3686 2479 3753 insulse,
2511 3686 2684 3758 juxta

578 3770 1024 3827 aestimationem
1045 3769 1396 3842 Anglorum,
1422 3770 1780 3827 familiarum
1806 3775 1897 3826 est
1918 3770 2084 3826 mille
2119 3770 2519 3837 ducentarum,
2551 3771 2688 3827 data

579 3860 673 3910 est
703 3854 958 3911 antistiti
1008 3855 1289 3927 possessio
1336 3859 1510 3911 terrae
1558 3854 1915 3911 familiarum
1949 3859 2357 3910 trecentarum.
2439 3853 2525 3910 At
2560 3855 2686 3950 ipse

576 3943 801 4009 partem
828 3954 1007 4009 quam
1041 3938 1284 4010 accepit,
1324 3938 1757 3994 commendavit
1790 3936 2028 3993 cuidam
2065 3935 2137 3992 de
2159 3937 2387 3993 clericis
2405 3937 2550 4002 suis,
2589 3938 2685 3993 cui

579 4019 840 4092 [nomen]
878 4020 1187 4087 Beruinus,
1226 4022 1332 4095 qui
1381 4028 1508 4078 erat
1560 4021 1718 4077 filius
1769 4020 1985 4077 sororis
2032 4019 2181 4091 ejus,
2221 4020 2367 4076 dans
2401 4021 2496 4075 illi
2528 4038 2687 4092 pres-

578 4112 848 4184 byterum
870 4113 1103 4169 nomine
1125 4113 1449 4180 Hildilam3
1477 4113 1741 4184 utrisque
1769 4103 1919 4169 istis
1948 4103 2286 4169 monachis
2317 4112 2683 4185 praecipiens,

577 4199 861 4265 quatenus
919 4193 984 4247 in
1042 4192 1171 4265 ipsa
1204 4194 1413 4257 insula,
1471 4193 1912 4264 quibuscunque
1972 4193 2253 4256 valerent,
2314 4191 2558 4247 verbum
2619 4208 2687 4247 ac

575 4276 876 4332 lavacrum
909 4277 1051 4332 vitoe
1086 4276 1505 4332 ministrarent.
1581 4275 1697 4345 Qui
1749 4275 2078 4331 ministerio
2114 4274 2549 4348 proedicationis
2600 4292 2691 4331 as-

580 4377 832 4443 sumpt0,
859 4371 1084 4428 meritis
1120 4377 1183 4428 et
1204 4370 1711 4428 intercessionibus
1734 4371 1890 4426 beati
1912 4369 2098 4442 patris
2130 4359 2439 4436 wilfridi,
2472 4384 2691 4438 suaque

580 4451 879 4518 instantia,
918 4451 1262 4507 Christianae
1297 4450 1434 4505 fidei
1462 4450 1611 4522 jugo
1646 4450 1953 4522 praefatam
1986 4448 2238 4504 insulam
2274 4449 2662 4521 subjecerunt.

2196 4907 2419 4969 11112
