3600 5800
834 853 966 917 400
1471 864 1637 914 vrrs
1681 864 1926 914 smol-1
1972 863 2296 924 osmnm,

833 1053 1039 1131 fieret,
1083 1052 1179 1119 sic
1224 1052 1364 1119 Sua
1408 1051 1775 1118 inedicibili
1822 1050 2172 1138 majestate
2219 1048 2590 1127 constituit,
2644 1054 2716 1114 et
2759 1069 2945 1136 mag-

832 1155 1143 1220 nitudine
1212 1153 1572 1242 praescivit,
1632 1157 1713 1219 ut
1779 1151 2072 1219 caelestia
2136 1152 2336 1218 beata
2395 1151 2670 1237 agmina
2688 1164 2721 1197 ⁸
2793 1151 2938 1217 Sibi

832 1257 1077 1344 placito
1106 1255 1529 1343 suppeditare
1553 1252 1587 1302 b
1633 1254 1954 1320 deberent
1998 1253 2251 1333 officio;
2301 1258 2372 1320 et
2399 1259 2482 1319 ut
2523 1252 2938 1340 protoplasti,

831 1359 1006 1426 sicut
1049 1358 1417 1437 constituit,
1463 1357 1686 1424 felices
1730 1357 1859 1421 filii
1903 1378 1947 1422 a
1989 1356 2134 1422 Deo
2179 1356 2525 1443 redempti,
2572 1361 2642 1422 et
2701 1356 2749 1422 J
2750 1356 2939 1422 orda-

831 1462 981 1528 nico
1026 1460 1300 1527 flumine
1328 1458 1563 1537 abluti,
1608 1464 1776 1546 post,
1809 1458 2108 1545 deposito
2137 1458 2353 1525 carnis
2398 1478 2612 1537 onere,
2641 1457 2944 1524 valerent

831 1563 1077 1630 mentis
1142 1561 1704 1650 contemplatione
1721 1574 1751 1609 0
1818 1561 2121 1628 contueri
2183 1559 2379 1640 Eum,
2426 1581 2469 1627 a
2538 1558 2688 1640 Quo
2731 1561 2940 1627 creati

833 1672 1037 1733 erant.
1131 1664 1311 1746 Quid
1354 1685 1651 1730 summus
1696 1662 2028 1730 Saturnus
2073 1667 2143 1728 et
2186 1662 2348 1729 socii
2393 1662 2634 1748 quini?
2678 1662 2940 1741 Nonne,

833 1773 915 1833 ut
965 1765 1228 1855 praefati
1287 1786 1531 1844 sumus,
1578 1786 1699 1831 suo
1766 1763 2055 1851 principi
2123 1763 2407 1850 subjecti
2452 1768 2673 1830 sunt?
2733 1762 2944 1831 Orion

832 1876 1035 1956 atque
1092 1868 1415 1937 Prochion
1460 1873 1531 1934 et
1575 1866 1800 1944 Helix,
1848 1866 2072 1934 omnia
2115 1866 2344 1934 caelica
2388 1871 2601 1934 vasa?
2697 1866 2942 1934 Nonne

833 1971 1126 2057 ejusdem
1154 1968 1632 2058 gubernatione
1663 1972 1733 2034 et
1760 1966 2206 2035 illustratione
2237 1967 2648 2035 decurrunt?
2692 1967 2943 2034 Verum

833 2072 1035 2139 etiam
1098 2072 1216 2139 ina
1288 2092 1463 2160 vaga
1528 2070 1797 2149 Lucina,
1868 2092 1986 2157 per
2048 2070 2237 2157 cujus
2313 2092 2578 2137 cursum
2652 2071 2943 2140 rationes

833 2175 1131 2239 omnium
1175 2173 1505 2239 mensium
1573 2177 1644 2239 et
1718 2171 1978 2237 dierum
2055 2171 2222 2237 satis
2295 2170 2553 2258 liquido
2626 2171 2942 2260 astrologi

834 2274 1031 2362 periti
1077 2280 1334 2360 queunt
1376 2273 1769 2360 investigari
1815 2272 2043 2340 ablato
2088 2294 2306 2339 errore
2351 2272 2472 2360 fug
2577 2322 2592 2339 .
2686 2324 2700 2339 .

836 2397 1030 2442 omne
1072 2375 1251 2463 quod
1315 2382 1635 2453 tenemus,
1680 2378 1761 2440 ut
1828 2374 2101 2460 quidam
2168 2375 2269 2442 ait
2331 2374 2587 2443 Rhetor
2651 2375 2727 2440 in
2770 2375 2946 2457 suis3

833 2479 982 2546 ideo
1017 2478 1279 2566 justum
1324 2483 1619 2557 autumo,
1652 2483 1748 2555 ut,
1779 2497 1961 2543 more
1988 2476 2439 2564 parvulorum,
2472 2477 2729 2564 aliquid
2773 2477 2942 2543 rith-

837 2580 1073 2647 micem
1138 2579 1220 2646 de
1295 2579 1632 2648 communi
1696 2577 1915 2657 Patre,
1983 2577 2300 2664 quoniam
2364 2578 2492 2645 etsi
2552 2583 2717 2646 nota
2785 2584 2944 2646 sunt

836 2682 1031 2749 nobis
1075 2702 1226 2769 quae
1273 2680 1573 2760 dicimus,
1619 2686 1820 2747 erunt
1861 2681 2093 2768 ignota
2152 2681 2563 2768 sequacibus,
2607 2681 2742 2747 nisi
2786 2681 2945 2748 stilo

837 2788 1215 2863 exarantur,
1262 2783 1437 2851 sicut
1480 2783 1751 2871 quidam
1780 2803 2054 2850 exorsus
2085 2788 2222 2849 est:
2284 2790 2321 2820 “
2342 2781 2539 2866 Quod
2590 2781 2948 2871 loquimmr

839 2894 875 2924 “
904 2884 1174 2966 mmait,
1206 2884 1387 2974 quod
1414 2907 1565 2956 vero
1594 2884 1957 2955 sommus
1982 2883 2266 2953 motat?
2342 2884 2574 2952 Libuit
2602 2885 2950 2954 modulata

837 2988 1240 3076 compositio,
1309 2987 1368 3054 si
1440 2989 1700 3055 adesset
1771 2986 2119 3067 facundia;
2190 2986 2308 3052 sed
2373 2987 2688 3073 quoniam
2763 2988 2942 3055 haud

840 3089 959 3156 illa
1019 3089 1111 3156 sit
1173 3089 1486 3157 voluntas
1560 3089 1753 3168 bona,
1824 3088 1983 3175 quia
2042 3087 2160 3154 ina
2221 3094 2324 3155 est
2396 3109 2549 3175 quae
2609 3088 2948 3157 hominem

842 3192 1219 3279 proximum
1268 3190 1431 3260 facit
1472 3192 1633 3258 Deo.
1724 3190 1965 3257 Videre
2009 3196 2236 3257 autem
2264 3189 2495 3258 videor
2539 3190 2612 3257 in
2655 3213 2764 3259 me
2808 3214 2950 3259 esse

839 3293 1241 3382 completum
1285 3294 1453 3360 illud
1500 3292 1845 3361 Scolastici
1885 3293 2184 3375 dicentis,

1198 3417 1534 3506 Squalewt
1577 3439 1751 3485 arva
1793 3417 1926 3485 soh
1960 3417 2243 3504 pulvere
2284 3416 2521 3499 mzdto,

1200 3519 1430 3589 Pallet
1471 3518 1705 3588 siccus·
1729 3541 1907 3606 noyer,
1952 3526 2140 3586 terra
2175 3517 2476 3606 patescit.

934 3645 1262 3727 Quoniam
1330 3645 1615 3732 denique
1659 3644 1867 3731 pallet
1929 3644 2273 3732 ingenium
2336 3644 2550 3711 nostri
2618 3644 2832 3712 cordis
2877 3652 2949 3732 et

842 3748 1085 3836 indago
1129 3746 1372 3814 mentis
1417 3747 1718 3814 doctrina
1776 3767 2053 3813 summae
2098 3745 2392 3814 scientiae
2438 3768 2589 3833 quae
2649 3747 2950 3834 tripartis

844 3849 1173 3916 dividitur
1215 3848 1447 3927 modis,
1491 3870 1578 3914 ex
1645 3848 1889 3936 quibus
1952 3852 2428 3915 construuntur
2472 3852 2724 3934 septem
2787 3848 2950 3914 libe-

843 3950 1013 4018 rales
1072 3955 1267 4030 antes,
1314 3949 1557 4017 idcirco
1625 3971 1777 4016 cum
1822 3948 2053 4016 decore
2117 3948 2330 4015 sereni
2375 3949 2658 4036 pectoris
2721 3950 2952 4037 flagito

844 4051 1155 4142 pollentis
1213 4057 1455 4118 vestrae
1499 4049 1794 4118 scientiae
1864 4051 2142 4130 culmen,
2189 4050 2368 4138 quod
2416 4055 2518 4118 est
2584 4052 2953 4139 magnificis

846 4156 1226 4222 decoratum
1292 4157 1494 4240 atque
1553 4152 1904 4219 suffultum
1949 4153 2133 4230 actis,
2179 4157 2250 4218 et
2315 4157 2568 4239 septem
2629 4153 2953 4219 columnis

845 4260 1310 4334 sustentatum,
1374 4259 1455 4320 ut
1528 4254 1739 4321 validi
1813 4254 2149 4342 adjutores
2223 4275 2388 4321 meae
2456 4254 2690 4321 salutis
2757 4256 2951 4336 fiatis,

846 4364 1174 4447 quatenus
1215 4358 1358 4436 hoc,
1389 4357 1569 4444 quod
1614 4356 1936 4423 tremulus
1979 4356 2310 4444 incipiam,
2342 4377 2536 4444 opere
2579 4379 2774 4444 agere
2817 4358 2954 4425 Do-

895 4509 918 4532 ·
942 4499 1163 4554 aomina]
1189 4498 1396 4545 celestes
1416 4498 1623 4552 spiritus.
1641 4499 1808 4544 interl.
2000 4503 2020 4529 ⁸
2043 4496 2457 4552 concentuum]
2509 4499 2837 4552 speculatione.
2884 4499 2959 4543 ἀι·

896 4563 920 4593 ⁸²
945 4560 1276 4618 suppeditare]
1303 4562 1581 4612 minist-me.
1598 4562 1760 4606 inter&
1950 4560 2054 4606 terl-

1626 4719 1642 4754 ¹
1677 4720 1791 4771 The
1813 4718 1930 4772 MS.
1953 4718 2175 4785 injur-ed.
