3600 5800
1369 947 1690 1034 Auca-om:
1736 983 2090 1035 EADMERO.
2652 975 2780 1039 195

678 1176 713 1204 ‘³
756 1191 953 1254 quam
997 1170 1122 1235 hoc
1182 1169 1255 1233 in
1321 1169 1495 1238 facto
1558 1175 1785 1237 contra
1818 1170 1977 1256 jus,1
2044 1170 2159 1235 sed
2222 1191 2370 1236 cum
2422 1170 2574 1256 jure
2637 1170 2779 1249 feci,

678 1278 712 1305 “
753 1271 943 1336 velut
986 1271 1131 1357 ipsa
1173 1292 1337 1336 meae
1396 1271 1774 1338 innocentia
1817 1271 2060 1336 mentis
2104 1269 2271 1335 mihi
2315 1275 2636 1351 testatur;
2701 1292 2779 1336 eo

679 1381 714 1409 ‘¹
755 1360 1085 1451 libentius,
1154 1375 1212 1440 si
1264 1374 1473 1440 vultis
1538 1376 1843 1453 occidere,
1890 1373 2058 1440 mori
2123 1374 2433 1453 desidero,
2480 1396 2618 1461 quo
2670 1395 2777 1439 me

678 1483 712 1511 “
754 1497 874 1563 pro
908 1477 1178 1564 justitia
1221 1475 1503 1546 occisum
1547 1476 1854 1563 martyrii
1897 1476 2107 1563 gloria
2149 1477 2594 1543 coronandum
2638 1477 2777 1544 fore

677 1586 711 1612 “
755 1578 1143 1645 considero.'’

764 1679 1021 1761 Quibus
1066 1681 1275 1759 dictisl,
1307 1681 1425 1747 ubi
1470 1680 1787 1746 viderunt
1831 1679 2052 1745 virum
2099 1684 2293 1745 tanta
2334 1679 2580 1744 mentis
2623 1699 2775 1745 con-

672 1784 921 1850 stantia
980 1784 1126 1862 niti,
1193 1784 1401 1850 nimio
1486 1789 1733 1850 terrore
1811 1781 2093 1868 perculsi
2154 1802 2339 1847 arma
2402 1780 2774 1867 projiciunt,

670 1890 862 1952 terrae
905 1887 1360 1973 procumbunt,
1408 1886 1539 1949 viri
1584 1883 1870 1969 vestigia
1928 1882 2166 1948 osculis
2210 1885 2465 1969 petunt,
2512 1883 2775 1947 veniam

673 1993 1014 2072 quaerunt:
1060 2008 1192 2073 qua
1220 1988 1309 2052 ad
1338 2007 1532 2051 suum
1562 1991 1796 2051 votum
1826 1984 2117 2061 inventa,
2151 1984 2292 2070 ejus
2322 1984 2776 2051 benedictione

673 2088 887 2165 ditati,
933 2087 1064 2153 viae
1129 2086 1552 2173 prosperitati
1613 2084 1994 2172 pontificem
2055 2106 2207 2152 eum
2273 2085 2411 2150 suis
2472 2085 2775 2151 omnibus

673 2188 996 2254 reddunt:
1041 2188 1169 2274 ipsi
1215 2192 1432 2274 coepto
1477 2187 1714 2253 itinere
1759 2192 2060 2274 pergunt.

1315 2399 1759 2487 [carmon
1806 2398 2148 2486 XXXIV]

762 2557 1156 2625 Per-veniens
1201 2558 1309 2624 vir
1365 2559 1494 2625 Dei
1539 2559 1927 2643 Britaniam,
1972 2559 2113 2647 regi
2165 2560 2428 2627 ‘litteras
2474 2580 2638 2646 quas
2687 2562 2774 2627 ab
2797 2581 3007 2634 wilfrid

670 2658 1051 2748 Apostolica
1094 2661 1245 2727 sede
1305 2667 1643 2747 acceperat
1687 2662 1944 2739 detulit,
1992 2668 2061 2727 et
2121 2662 2474 2728 earundem
2518 2662 2771 2728 littera-
2795 2651 3031 2767 {Emffid

669 2785 817 2829 rum
861 2765 1254 2831 auctoritate
1283 2765 1623 2843 subnixus,
1656 2765 1729 2828 in
1772 2771 2106 2831 conventu
2147 2766 2471 2831 nobilium
2508 2786 2771 2832 causam
2796 2732 2922 2832 πξιῗι
2941 2784 3030 2835 the

671 2889 859 2934 suam
903 2868 1063 2934 viva
1106 2887 1267 2935 voce
1311 2868 1622 2947 defendit,
1655 2890 1854 2956 seque
1899 2868 2064 2935 falso
2109 2873 2501 2947 accusatum,
2548 2890 2626 2936 ac
2669 2869 2770 2934 in-
2797 2851 2994 2971 {³33⁸-

661 2970 844 3056 juria
918 2971 1347 3057 degradatum
1405 2970 1614 3036 libera
1678 2971 2152 3057 protestatione
2227 2971 2533 3038 ostendit.
2626 2970 2775 3036 Rex

671 3079 895 3139 autem
956 3079 1205 3159 quanto
1266 3073 1457 3138 illum
1503 3072 1633 3159 maj
1640 3073 1738 3139 ori
1783 3074 2087 3139 veritatis
2131 3074 2387 3140 ratione
2448 3073 2774 3139 vallatum

670 3173 964 3261 agnovit,
1030 3179 1220 3241 tanto
1283 3196 1353 3239 se
1420 3173 1661 3239 minori
1724 3174 2030 3239 veritatis
2095 3174 2354 3239 ratione
2422 3174 2773 3239 suffultum

670 3276 973 3355 indoluit,
1060 3296 1437 3361 moremque
1520 3275 2068 3360 nequissim0rum
2135 3276 2453 3353 imitatae,
2537 3276 2776 3341 maluit

669 3377 744 3442 in
788 3398 909 3443 sua
974 3378 1337 3464 pertinacia
1397 3380 1627 3442 contra
1690 3376 2075 3462 aequitatem
2142 3378 2510 3462 perdurare,
2575 3397 2776 3462 quam

670 3479 1008 3565 aequitatis
1068 3479 1325 3547 ratione
1388 3498 1575 3543 suam
1643 3478 2074 3564 pertinaciam
2136 3478 2456 3564 mitigare.
2580 3478 2776 3544 Hanc

671 3601 828 3645 vero
872 3579 977 3644 sui
1021 3579 1232 3647 cordis
1276 3579 1636 3646 socordiam
1689 3596 2082 3666 magnopere
2126 3579 2555 3645 confirmabat
2596 3580 2772 3645 anti-

671 3702 951 3769 quorum
994 3667 1360 3747 delatorum
1422 3681 1794 3746 inveterata
1838 3680 2175 3758 discordia,
2224 3681 2383 3746 dum
2435 3682 2563 3769 ipsi
2609 3705 2772 3770 quos

669 3785 816 3871 ipsa
849 3785 996 3872 jam
1055 3784 1338 3871 repletos
1399 3783 1791 3870 possidebat,
1837 3804 2096 3849 venena
2138 3805 2275 3851 suae
2335 3785 2773 3873 malignitatis

667 3886 866 3973 regiis
910 3886 1179 3952 auribus
1222 3885 1676 3951 infundebant.
1769 3883 2044 3970 Propria
2072 3884 2300 3970 itaque
2340 3907 2461 3951 rex
2504 3887 2606 3952 ira
2650 3909 2770 3953 cae-
2797 3902 2944 3968 They
2965 3918 3053 3954 are

667 3995 870 4067 catus,
936 3995 1005 4056 et
1065 3989 1519 4057 seducentium
1565 4010 1634 4054 se
1677 3986 2059 4054 adulatione
2110 4009 2152 4053 a
2195 4008 2352 4054 vero
2400 3988 2768 4069 distractus,
2796 3968 3041 4051 ‘10⁸er

664 4090 920 4159 litteras
962 4092 1329 4180 Apostolici
1390 4113 1581 4179 papae
1626 4091 1885 4157 tumido
1947 4090 2127 4158 fastu
2181 4089 2501 4178 despexit,
2553 4093 2771 4181 despi-

665 4194 894 4260 ciendo
967 4195 1189 4272 irrisit,
1260 4192 1592 4261 irridendo
1667 4214 1709 4258 a
1774 4214 1844 4257 se
1910 4192 2140 4278 procul
2213 4193 2471 4278 abjecit,
2547 4216 2625 4261 ac
2698 4196 2770 4260 in
2871 4252 2892 4260 ..

662 4295 986 4361 famulum
1030 4296 1159 4362 Dei
1188 4295 1573 4384 nequissimi
1604 4294 1913 4362 delatoris
1943 4295 2190 4360 crimen
2220 4292 2462 4382 injecit.
2557 4296 2771 4363 Tanta
2795 4307 2899 4358 and
2918 4306 2985 4358 he
3005 4305 3051 4357 is

662 4398 834 4484 regis
895 4395 1351 4483 indignatione
1418 4396 1723 4463 nonnulli
1786 4395 2074 4474 clientes,
2139 4396 2342 4461 immo
2388 4400 2457 4461 et
2523 4399 2768 4485 quique
2793 4374 3100 4492 zffffiny

662 4499 915 4566 nobiles
960 4498 1202 4585 oppido
1254 4501 1551 4585 permoti,
1597 4496 1915 4563 unanima
1958 4519 2184 4563 omnes
2227 4503 2456 4564 contra
2499 4500 2768 4567 beatum

665 4602 1147 4691 conspiratione
1189 4601 1560 4687 insurgunt,
1606 4621 1682 4667 ac
1711 4599 1942 4665 multis
1973 4622 2124 4665 eum
2169 4601 2583 4668 contumeliis
2628 4603 2767 4669 affi-

665 4708 885 4788 ciunt3
948 4711 1018 4774 et
1079 4727 1211 4793 quo
1272 4704 1469 4792 regiae
1532 4702 1867 4791 majestati
1929 4725 1997 4769 se
2059 4703 2148 4770 ad
2208 4704 2478 4791 plenum
2545 4706 2771 4775 fideles

1030 4903 1046 4937 ¹
1083 4909 1257 4953 contr-a
1268 4900 1388 4968 jus]
1418 4900 1488 4951 A.
1511 4900 1575 4951 Β.
1645 4899 1758 4950 The
1782 4898 1897 4952 MS.
1921 4900 2069 4952 reads
2089 4900 2391 4952 contr-arius.

2365 4996 2415 5046 N
2463 4984 2503 5045 2
