3600 5800
835 811 964 875 198
1447 823 1612 872 vrrA
1657 822 1983 870 mnrium
2029 822 2335 872 nrmoorl

1476 1018 1921 1104 [CArrrULUM
1967 1013 2309 1104 XXXVI]

500 1189 684 1239 Illness
707 1190 769 1240 of
928 1174 1115 1238 Inter
1159 1173 1316 1249 haec,
1363 1192 1535 1236 uxor
1577 1171 1872 1258 praefecti
1920 1170 2186 1247 osfridi,
2257 1170 2373 1257 qui
2439 1170 2723 1235 Beatum
2775 1169 2942 1235 Wil-

498 1257 588 1373 332
608 1255 813 1388 {1³5ssss
838 1276 1083 1342 ffidum
1143 1277 1215 1340 in
1275 1275 1574 1342 custodia
1632 1274 1935 1352 habebat,
1989 1274 2302 1339 amn-imo
2370 1275 2683 1361 languore
2744 1274 2941 1340 corri-

832 1379 1035 1466 pitur,
1089 1377 1494 1464 jamjamque
1545 1378 1631 1443 ad
1675 1378 1837 1443 vitae
1884 1380 2180 1442 extrema
2244 1375 2638 1461 perducitur.
2752 1375 2800 1441 J
2799 1380 2944 1441 acet

841 1482 1167 1566 siquidem
1234 1485 1377 1546 toto
1438 1502 1703 1567 corpore
1763 1479 2125 1556 debilitata,
2173 1487 2512 1565 solutisque
2559 1486 2941 1559 compagibus
2965 1491 3269 1561 Fridegode,

840 1585 1019 1649 omni
1087 1585 1527 1649 membrorum
1602 1582 1811 1649 officio
1887 1581 2248 1662 destituta3
2339 1581 2597 1668 perdito
2673 1580 2942 1665 insuper
2967 1564 3079 1610 ⁸⁶3·

840 1708 1051 1763 senSU‚
1099 1692 1410 1748 contractis
1446 1696 1707 1746 emortua
1740 1691 1940 1747 nervis
1974 1692 2200 1747 viscera
2234 1691 2543 1745 fluitabant
2557 1712 2572 1754 ;
2629 1702 2776 1766 quae
2833 1703 2940 1745 res
2964 1690 3100 1743 Ibid.
3118 1697 3234 1742 864.

710 1825 717 1840 ·
838 1787 985 1852 viro
1053 1808 1171 1851 suo
1235 1784 1459 1870 magni
1505 1782 1745 1849 doloris
1797 1788 1867 1848 et
1910 1783 2270 1849 anxietatis
2315 1781 2632 1860 stimulos,
2678 1804 2938 1867 magnae

841 1887 1222 1954 defectionis
1270 1892 1338 1951 et
1371 1885 1657 1951 horroris
1686 1907 1917 1950 causas
1946 1885 2302 1971 ingerebat.
2398 1883 2543 1963 Quo
2573 1882 2939 1948 infortunio

839 1997 1074 2068 motuS‚
1122 1990 1248 2054 Dei
1294 1989 1513 2051 virum
1560 1987 1989 2072 lachrymosis
2036 1986 2379 2072 questibus
2411 1986 2625 2063 adiit,
2672 1984 2942 2050 vincula

841 2093 1080 2178 quibus
1125 2090 1527 2176 gravabatur
1570 2089 1872 2165 absolvit,
1920 2090 2006 2154 ad
2050 2089 2320 2175 pietatis
2381 2089 2689 2155 affectum
2749 2087 2942 2153 incli-

838 2196 1051 2272 navit,
1130 2199 1198 2258 et
1272 2192 1583 2257 eductum
1659 2191 1987 2278 ergastulo
2063 2213 2199 2256 suae
2277 2192 2542 2278 conjugi
2614 2191 2942 2257 medicum

833 2296 1073 2362 salutis
1119 2294 1416 2360 adduxit.
1508 2300 1701 2357 Affixit
1745 2294 1853 2358 vir
1897 2293 2040 2371 Dei,
2093 2307 2152 2357 et
2197 2315 2354 2358 mox
2397 2302 2601 2359 turbas
2648 2316 2795 2380 quae
2855 2294 2942 2359 ad
2964 2310 3093 2361 Ibid.
3118 2315 3255 2363 873-

506 2409 711 2460 Wilfrid
840 2399 1039 2464 funus
1102 2397 1394 2461 mulieris
1442 2401 1901 2472 convenerant,
1941 2405 2122 2475 jussit
2156 2396 2462 2460 amoveri.
2555 2403 2711 2460 Hinc
2757 2404 2943 2475 preci·
2962 2383 3011 2427 4.
3193 2398 3198 2402 ’

505 2493 650 2528 cures
674 2478 779 2530 ¹¹⁰¹·
837 2510 945 2565 bus
993 2500 1078 2565 ad
1122 2499 1341 2564 Deum
1386 2499 1756 2585 praemissi&
1803 2519 2045 2584 aquam
2103 2497 2461 2575 benedixit,
2511 2502 2580 2562 et
2639 2498 2943 2562 benedic-

834 2608 979 2667 tam
1045 2624 1241 2687 super
1299 2601 1582 2687 jacentis
1646 2621 1878 2686 corpus
1947 2600 2239 2685 aspersit.
2354 2599 2656 2664 Mirabile
2720 2600 2943 2664 dictu!

840 2704 997 2768 Non
1026 2703 1209 2789 prius
1240 2724 1414 2787 aqua
1457 2702 1857 2767 infirmantis
1902 2701 2195 2765 membra
2237 2701 2479 2786 tetigit,
2513 2721 2728 2785 quam,
2763 2702 2943 2764 omni

839 2805 1152 2890 languore
1197 2804 1485 2891 depulso,
1534 2803 1795 2866 mulieri
1857 2802 2146 2887 perfecta
2190 2802 2439 2865 sanitas
2483 2801 2697 2865 rediit.
2794 2802 2941 2882 Quo

838 2910 1027 2986 fact0‚
1076 2910 1160 2973 ab
1206 2907 1510 2973 omnibus
1555 2906 1671 2991 qui
1717 2905 1992 2969 aderant
2036 2910 2253 2989 grates
2298 2904 2440 2968 Deo
2472 2924 2753 2969 consona
2782 2924 2942 2970 voce

840 3011 1224 3086 redduntur,
1258 3029 1335 3072 ac
1364 3007 1602 3071 merita
1645 3005 1825 3070 beati
1870 3004 2077 3089 patris
2123 3025 2258 3069 non
2303 3025 2568 3081 carcere,
2601 3005 2717 3069 sed
2762 3006 2942 3069 omni

839 3112 1085 3178 honore
1133 3109 1517 3196 dignissima
1560 3106 2017 3193 praedicantur.
2112 3105 2217 3171 Ne
2262 3111 2484 3171 autem
2528 3107 2746 3192 gratia
2790 3129 2941 3172 eva-

843 3214 1045 3279 dendi
1090 3211 1362 3279 carceris
1406 3210 1616 3295 magis
1664 3230 1864 3294 quam
1908 3229 2130 3273 amore
2190 3207 2461 3294 pietatis
2522 3208 2759 3273 ductus
2818 3208 2944 3274 hoc

839 3316 1113 3380 virtutis
1158 3315 1420 3399 signum
1467 3311 1692 3377 fecisse
1752 3311 1839 3375 ab
1898 3310 2119 3396 aliquo
2179 3316 2538 3397 putaretur,
2602 3317 2792 3376 extra
2843 3334 2942 3377 re·-

840 3440 1103 3482 manere
1148 3416 1380 3492 noluit,
1430 3414 1545 3478 sed
1594 3400 1982 3478 'divinitatis
2041 3412 2290 3478 lumine
2349 3413 2687 3491 fruiturus,
2737 3436 2943 3499 quan-

841 3521 1053 3584 tocius
1099 3518 1436 3585 carceralis
1483 3516 1798 3587 custodiae
1860 3521 2049 3602 septa
2106 3516 2352 3581 revisit.
2465 3517 2730 3602 Oonjux
2787 3538 2944 3583 vero

845 3620 1141 3708 praefecti
1187 3642 1336 3705 quse
1381 3619 1601 3684 fuerat
1646 3618 1921 3684 sanitati
1984 3618 2243 3697 donata,
2290 3625 2444 3705 post
2489 3642 2729 3706 paucos
2788 3622 2942 3699 dies,

848 3727 1067 3810 spreto
1112 3722 1364 3799 saequO,
1411 3723 1489 3787 in
1533 3721 1879 3817 servitium
1927 3719 2180 3788 Christi
2224 3743 2406 3789 sacro
2465 3729 2566 3789 est
2617 3725 2944 3791 velamine

845 3825 1201 3911 designata.

505 3940 620 3992 The
640 3955 756 4006 pre-
866 3940 871 3941 ’
935 3927 1290 3993 Praefectus
1336 3930 1559 3990 autem
1605 3946 1687 3988 ex
1735 3946 1811 3989 eo
1863 3928 2156 4009 tempore
2217 3947 2481 3990 servum
2541 3926 2812 3994 Domini
2871 3929 2945 3995 in

502 4009 821 4124 ᾒξὲζὲῗω·
844 4033 1087 4117 m'agna
1159 4028 1583 4095 veneratione
1656 4026 1921 4102 habens,
1998 4028 2137 4111 regi
2212 4049 2329 4112 per
2415 4030 2686 4096 nuntios
2759 4032 2944 4099 adito

508 4139 629 4216 vqith
648 4142 736 4192 the
845 4133 1055 4198 dixit:
1105 4143 1143 4168 ‘⁴
1160 4140 1275 4194 Per
1311 4137 1561 4195 salutem
1598 4132 1667 4191 et
1710 4148 1989 4212 regnum
2034 4133 2226 4192 tuum
2263 4141 2324 4191 te
2361 4139 2586 4209 adjuro,
2617 4138 2942 4219 quatenus
2970 4152 3119 4215 Eddi,
3143 4170 3252 4220 cap.

504 4206 649 4272 ¹⁰⁰⁸·
728 4296 737 4303 .
845 4244 878 4271 “
924 4233 1324 4301 sacerdotem
1368 4230 1639 4294 Domini
1682 4228 2067 4294 wilfridum
2110 4252 2153 4294 a
2211 4253 2316 4296 me
2364 4233 2614 4301 diutius
2660 4235 2942 4303 detineri
2969 4225 3049 4270 ³⁸·

846 4345 879 4372 “
922 4358 1058 4402 non
1099 4334 1341 4411 facias3
1400 4331 1557 4416 quia
1600 4329 1812 4395 fateor
1854 4330 2089 4395 melius
2134 4330 2300 4397 mihi
2346 4355 2484 4400 esse
2527 4338 2711 4416 mori,
2744 4361 2942 4425 quam

846 4446 879 4473 “
923 4437 997 4502 in
1041 4458 1116 4503 eo
1160 4433 1414 4519 aliquid
1458 4432 1852 4517 injuriarum
1897 4431 2176 4498 ulterius
2239 4456 2553 4505 exercere.
2648 4440 2841 4521 Quod
2886 4442 2943 4505 si

845 4548 878 4573 “
920 4539 1046 4602 hac
1067 4537 1091 4575 1
1137 4535 1548 4622 adjuratione
1594 4534 1900 4620 despecta
1942 4534 2014 4598 in
2060 4538 2393 4605 sententia
2435 4545 2554 4606 tua
2599 4543 2941 4627 persistere

1754 4705 1875 4774 hac]
1904 4723 2006 4759 om.
2023 4708 2090 4761 Β.
