3600 5800
893 854 1023 917 504
1754 863 2126 913 ΑΡΡΕΝΒΙΧ.

890 1051 1062 1106 Illico
1107 1050 1326 1106 Accam
1373 1049 1778 1122 presbyterum
1841 1065 2010 1105 suum
2057 1048 2311 1114 vocavit,
2374 1051 2434 1103 et
2493 1048 2549 1104 ei
2608 1030 2821 1103 cuncta
2868 1062 2999 1119 quae

889 1134 1117 1190 viderat
1152 1135 1459 1188 enarravit.

553 1221 791 1285 Eadmer,
979 1219 1346 1303 Divulgata
1420 1218 1644 1302 itaque
1705 1216 1877 1303 regis
1952 1224 2163 1281 morte
2238 1216 2615 1281 Theodorus
2680 1215 2999 1301 archiepi-

554 1290 809 1418 &ilfi-“1¹35'‘
892 1343 1124 1407 scopus
1155 1320 1538 1385 Wilfridum
1579 1319 1666 1384 ad
1710 1341 1778 1384 se
1822 1319 2047 1384 venire
2091 1319 2264 1396 fecit,
2296 1318 2404 1384 cui
2441 1324 2512 1384 et
2553 1318 2766 1382 dixit:
2808 1328 2845 1352 “
2864 1311 3002 1389 Fili]

552 1433 655 1481 and
678 1433 846 1483 Theo-
896 1424 932 1449 “
972 1422 1152 1477 immo
1187 1420 1477 1475 virtutum
1529 1419 1757 1475 meritis
1810 1426 1978 1491 pater
2016 1419 2402 1485 sanctissime,
2455 1436 2564 1490 ego
2612 1418 2713 1490 qui
2768 1418 2844 1474 ad
2891 1417 3001 1472 hoc

552 1499 675 1548 <1012
696 1513 783 1574 mse
894 1508 931 1532 ‘⁸
973 1524 1092 1576 prae
1128 1505 1358 1560 caeteris
1394 1504 1742 1558 constitutus
1771 1520 1952 1567 eram,
1987 1507 2055 1558 ut
2091 1502 2248 1558 omni
2276 1502 2607 1573 injustitiae,
2641 1518 2772 1572 quae
2800 1500 2865 1555 in
2889 1501 3003 1554 hoc

551 1564 847 1615 ²⁰⁰⁰¹¹⁰¹¹³d·
894 1590 934 1618 “
971 1606 1153 1659 regno
1188 1604 1487 1658 emergere
1517 1592 1730 1664 posset,
1764 1586 2078 1652 obviarem,
2105 1587 2344 1657 propria
2364 1584 2687 1656 fragilitate
2713 1584 2999 1647 subactus,

893 1676 929 1699 “
968 1671 1239 1742 plurimis
1275 1671 1386 1724 tibi
1411 1668 1871 1731 adversantibus,
1900 1669 2084 1724 fateor
2116 1670 2370 1723 multum
2394 1667 2685 1740 peccando
2710 1666 2998 1722 consensi.

893 1759 930 1783 ‘⁶
973 1755 1089 1810 Sed
1125 1755 1272 1808 mihi
1305 1754 1536 1824 culpam
1567 1752 1795 1816 fatenti,
1823 1757 1883 1807 et
1905 1752 2116 1807 intimo
2144 1752 2316 1807 corde
2339 1750 2749 1824 poenitentiam
2777 1750 2997 1820 agenti,

894 1842 931 1866 “
970 1839 1123 1910 pius,
1156 1854 1368 1907 quaesO,
1396 1835 1584 1891 veniae
1615 1835 1864 1905 largitor
1893 1837 2111 1891 assiste.
2176 1836 2402 1893 Ultima
2422 1851 2631 1906 nempe
2656 1850 2824 1898 meae,
2849 1833 3004 1889 sicut

895 1925 935 1949 “
974 1922 1183 1985 cerniS,
1223 1937 1393 1984 nunc,
1431 1920 1652 1975 instant
1689 1928 1952 1990 tempora
1998 1921 2155 1985 vitae,
2193 1938 2261 1976 ac
2296 1938 2402 1991 per
2435 1921 2549 1975 hoc
2600 1917 2757 1989 quod
2797 1916 3002 1986 depre-

894 2008 932 2033 “
972 1998 1071 2061 cor
1120 2023 1324 2068 annue,
1377 2009 1453 2068 et,
1495 2002 1840 2074 suppliciter
1891 2022 1928 2058 a
1973 2023 2068 2059 me
2119 2005 2462 2076 postulatae,
2529 2001 2826 2057 intercede
2895 2018 3000 2073 pro

894 2088 930 2111 “
972 2103 1082 2139 me.
1173 2076 1301 2140 Cui
1355 2075 1468 2140 ille
1516 2074 1892 2159 respondit:
1954 2086 2032 2140 Et
2080 2085 2314 2156 quidem
2357 2083 2560 2138 multis
2612 2100 2708 2137 me
2760 2080 3001 2136 tribula-

895 2166 932 2190 “
971 2163 1246 2230 tionibus,
1303 2172 1360 2220 te
1421 2164 1832 2228 consentiente,
1895 2163 2192 2227 afflictum,
2243 2168 2441 2234 pastor
2486 2160 2836 2225 venerande,
2885 2177 3001 2213 non

893 2244 932 2268 “
971 2243 1198 2310 nescio;
1239 2244 1392 2298 absit
1415 2246 1635 2307 tamen,
1664 2240 1831 2306 absit,
1872 2250 1940 2297 ut
1997 2231 2108 2298 hoc
2156 2247 2216 2297 te
2253 2243 2486 2298 malicia
2532 2233 2759 2297 fecisse
2793 2238 3001 2310 :credi-

894 2332 933 2357 “
973 2328 1177 2383 derim.
1283 2331 1529 2394 Verum,
1583 2333 1651 2382 ut
1702 2321 1976 2398 testimo,
2038 2349 2108 2385 ea
2166 2331 2361 2402 potius
2417 2331 2739 2386 intentione
2786 2329 2998 2392 fecisti,

894 2411 933 2435 ‘⁴
975 2408 1115 2479 quia
1148 2409 1388 2464 volebas
1436 2426 1531 2461 me
1580 2425 1686 2478 per
1735 2409 1893 2493 ipsas
1942 2410 2348 2466 tribulationes
2396 2410 2460 2464 in
2511 2411 2794 2481 patientia
2843 2425 3002 2463 exer-

893 2489 932 2514 “
972 2488 1091 2541 ceri
1105 2509 1123 2549 ;
1177 2488 1458 2558 quatinus
1511 2481 1835 2564 angustiis
1887 2495 2070 2555 actus,
2108 2506 2213 2560 per
2253 2489 2366 2544 iter
2425 2488 2721 2560 patientiae
2768 2504 3001 2560 possem

894 2566 934 2591 ‘⁶
973 2566 1350 2636 perfectionis
1408 2566 1640 2620 culmen
1718 2568 2030 2639 attingere.
2145 2567 2506 2638 Quapropter
2563 2568 2752 2623 multo
2811 2566 3002 2638 magis

892 2650 932 2675 “
968 2647 1079 2701 tibi
1116 2665 1221 2717 pro
1271 2654 1373 2703 tua
1421 2649 1575 2703 bona
1622 2649 1944 2704 intentione
2010 2654 2208 2719 grates
2244 2666 2418 2721 agere
2454 2649 2655 2715 deboc,
2708 2666 2882 2721 quam
2933 2654 2999 2704 tu

896 2732 936 2758 ‘⁶
967 2728 1122 2800 apud
1169 2747 1264 2782 me
1324 2729 1462 2784 inde
1523 2729 1754 2785 veniam
1810 2749 2102 2802 quaerere3
2159 2733 2486 2802 proesertim
2523 2750 2660 2787 cum
2702 2750 3000 2804 nunquam

894 2814 935 2839 “
965 2812 1137 2866 venia
1185 2812 1297 2866 rite
1333 2817 1588 2882 petatur,
1627 2814 1740 2867 nisi
1790 2814 1946 2868 unde
1996 2813 2196 2885 aliqua.
2248 2815 2490 2870 offensio
2538 2820 2837 2871 eontracta.
2873 2833 2999 2871 esse

890 2897 928 2924 “
967 2899 1225 2980 putatur.
1317 2894 1434 2950 Sed
1484 2895 1757 2974 quoniam
1794 2904 1854 2952 te
1891 2899 2345 2970 circumquaque
2381 2899 2680 2954 oculatum
2716 2917 2843 2954 esse
2879 2916 3000 2953 non

888 2974 922 3002 “
966 2987 1213 3052 lgnoro,
1251 2975 1665 3045 perspicaciter
1703 2981 1880 3047 atque
1924 2978 2224 3033 subtiliter
2267 2996 2396 3049 quae
2450 2985 2585 3034 sunt
2638 2979 2890 3034 videnda
2940 2985 2998 3033 te

890 3058 931 3083 “
970 3054 1337 3110 considerare
1369 3054 1679 3124 perpendo.
1755 3056 2080 3128 Eapropter
2108 3057 2156 3113 si
2200 3065 2374 3129 putas
2408 3065 2466 3114 te
2502 3057 2725 3130 aliquid
2774 3059 3000 3129 peccati

891 3140 930 3168 “
969 3138 1325 3194 contraxisse
1361 3136 1424 3190 in
1457 3137 1575 3192 hiis
1612 3155 1740 3209 quae
1777 3146 1982 3194 contra
2014 3157 2109 3194 me
2146 3141 2273 3196 fieri
2310 3142 2672 3206 consensisti,
2713 3148 2999 3212 quantum

889 3225 931 3251 ‘⁶
968 3239 1101 3277 mea
1135 3222 1376 3276 interest
1411 3220 1601 3275 libens
1638 3221 1931 3293 indulgeo,
1978 3229 2039 3278 et
2087 3224 2403 3296 indulgens
2458 3228 2659 3280 aeterni
2715 3243 2892 3297 super
2938 3231 3000 3284 te

891 3309 931 3336 “
970 3302 1430 3360 misericordiam
1466 3302 1505 3357 J
1507 3302 1694 3359 udicis
1734 3306 1931 3360 venire
1968 3308 2218 3379 supplici
2255 3309 2562 3365 devotione
2598 3309 2903 3381 deposco.’'

551 3399 787 3462 Eadmer,
960 3395 1129 3452 Misit
1178 3385 1405 3470 itaque
1464 3395 1806 3452 Theodorus
1854 3398 2089 3455 Alfi-ido
2148 3394 2286 3480 regi
2334 3393 2591 3480 ngridi
2651 3396 3001 3460 successori

554 3480 666 3530 ΜΡ·
690 3467 797 3516 ¹¹*-
887 3484 1090 3541 literas
1124 3480 1206 3539 ut
1239 3486 1413 3540 beato
1451 3483 1730 3541 wilfrido
1771 3500 1858 3543 ex
1907 3489 2081 3544 corde
2131 3490 2353 3546 amicus
2408 3491 2595 3555 fieret,
2633 3507 2885 3561 eumque
2936 3491 3000 3544 in

550 3543 760 3661 &offla
890 3572 1028 3628 sede
1081 3571 1155 3626 de
1193 3587 1310 3643 qua.
1362 3570 1578 3641 injuste
1629 3573 1927 3645 depositus
1962 3573 2122 3646 erat,
2170 3570 2458 3655 recipere
2502 3589 2640 3633 non
2684 3570 2997 3635 differret.

552 3675 762 3726 wilfi-id
777 3683 833 3726 at
893 3666 1025 3746 Qui
1071 3663 1300 3728 statim
1345 3662 1665 3728 Sanctum
1709 3671 2052 3736 revocavit
2095 3678 2165 3737 et
2193 3672 2281 3737 ad
2324 3692 2513 3736 suam
2558 3692 2709 3736 cum
2754 3671 3000 3738 honore

552 3742 865 3793 Theodore’s
1100 3766 1113 3781 ·
1441 3764 1454 3777 ·
1499 3764 1511 3777 ·
1650 3775 1663 3787 ·
2111 3781 2123 3793 .
2377 3781 2389 3793 ·
2549 3772 2563 3786 ·

552 3816 772 3873 requen-
891 3767 1230 3871 eccleslam
1295 3770 1566 3842 remlslt,
1617 3792 1820 3847 sicque
1872 3796 1977 3849 per
2027 3799 2494 3852 quinquennium
2543 3794 2617 3836 ln
2682 3794 2803 3838 sua
2848 3774 3000 3841 sede

890 3878 964 3920 ln
1006 3876 1166 3941 pace
1212 3864 1549 3933 permansit.
1605 3861 1841 3921 ‘Verbis
1877 3859 2148 3924 tandem
2194 3868 2523 3923 delatorum
2562 3883 2680 3926 rex
2705 3889 2998 3937 aecensus,

889 3954 954 4010 in
988 3952 1382 4025 possessiones
1418 3951 1546 4024 ejus
1581 3954 1774 4010 subita
1808 3957 2132 4027 cupiditate
2168 3964 2411 4014 aestuam
2447 3960 2645 4031 coepit,
2684 3963 2761 4025 et,
2818 3956 2997 4036 post-

552 4045 790 4096 Another
890 4033 1106 4121 posito
1151 4030 1282 4095 Dei
1324 4031 1542 4110 timor,
1589 4031 1886 4099 abstulit.
1981 4044 2091 4100 Cui
2141 4045 2454 4102 Wilfridus
2504 4046 2819 4119 episcopali
2867 4065 3001 4104 auc-

555 4114 774 4176 qmml·
889 4132 1133 4190 toritate
1169 4128 1457 4184 contraire
1493 4145 1609 4183 non
1641 4124 1899 4201 timenS,
1935 4133 2105 4203 gravi
2129 4138 2330 4189 contra
2364 4152 2425 4189 se
2459 4152 2663 4205 regem
2699 4135 2999 4191 iracundia

890 4210 1293 4269 inflammavit.
1354 4208 1527 4265 Unde
1564 4209 1781 4267 factum
1841 4217 1928 4268 est
1965 4218 2033 4267 ut
2068 4230 2171 4268 rex
2206 4212 2377 4269 illum
2419 4213 2686 4269 omnibus
2723 4215 2844 4270 suis
2870 4233 2997 4287 spo·

886 4293 1097 4348 liatum
1133 4284 1214 4348 de
1249 4308 1435 4362 regno
1470 4307 1575 4345 suo
1611 4283 1982 4369 expelleret.

960 4383 1079 4453 Qui
1130 4383 1205 4438 ad
1254 4401 1457 4454 regem
1493 4382 1849 4438 Mei-ciorum
1907 4373 2339 4438 Ethelredum
2407 4375 2638 4440 statim
2704 4376 2996 4454 accessit,

887 4476 1077 4560 cujus
1144 4474 1469 4540 instantia
1535 4474 1992 4539 Brithwaldus
2059 4475 2584 4563 archiepiscopus
2651 4478 2998 4543 consilium

887 4577 1280 4644 convocavit
1310 4577 1748 4661 Wilfridoque
1780 4598 2040 4640 omnem
2073 4576 2215 4642 fieri
2252 4577 2593 4663 justiciam
2624 4579 2996 4666 spopondit.

549 4683 785 4745 Eedmer,
894 4673 1144 4744 Quidem
1184 4672 1409 4730 tamen
1454 4674 1712 4744 episcopi
1761 4674 1944 4743 regine
1998 4675 2260 4732 faventes
2294 4677 2580 4732 voluntati
2631 4677 2694 4732 in
2748 4679 2997 4733 concilio

551 4766 666 4815 0⁸1>-
689 4748 817 4800 xlvi·
887 4756 1082 4811 virum
1153 4755 1263 4810 Dei
1324 4754 1487 4810 falsis
1548 4752 1860 4810 calumniis
1937 4755 2254 4825 exagitare,
2319 4763 2380 4811 et
2438 4758 2651 4826 quibus
2724 4762 2998 4828 poterant
