3600 5800
44 0 269 13 ww
318 1 337 4 -

1330 896 1632 982 Episcom
1680 893 2157 946 EBORACENSIS.
2659 878 2789 949 257

688 1088 773 1152 tis
816 1088 1107 1153 sonitum
1167 1087 1505 1169 permotus
1567 1081 1743 1146 idem
1788 1082 2101 1165 pincerna
2144 1077 2536 1144 Brithredus
2581 1080 2787 1146 currit

687 1187 1006 1265 interius,1
1067 1186 1458 1269 invenitque
1518 1183 1694 1268 quod
1768 1184 1863 1248 ibi
1932 1188 2153 1250 actum
2218 1188 2360 1248 erat
2422 1182 2783 1250 Divinitus.

689 1292 820 1356 Sed
850 1292 1010 1375 quia
1042 1288 1243 1371 hujus
1287 1286 1383 1350 rei
1428 1285 1812 1351 relationem
1858 1286 2186 1372 ingratam
2218 1285 2481 1359 ,sciebat
2508 1285 2570 1349 ei
2599 1287 2786 1371 cujus
2866 1362 2871 1369 ἢ

687 1394 1005 1479 agebatur
1048 1390 1317 1465 meriti&
1363 1376 1746 1455 accersitum
1793 1390 2120 1474 quendam
2165 1388 2449 1462 fratrem,
2498 1387 2785 1455 Plechel-

689 1516 870 1559 mum
930 1493 1210 1570 nomine,
1257 1490 1619 1557 introducit
1673 1491 1761 1556 ad
1812 1491 2133 1557 visionem
2185 1490 2280 1557 rei
2340 1490 2736 1556 inconsuetae
2761 1488 2788 1527 ²

691 1600 761 1661 et
803 1593 1137 1671 mirabilia
1185 1598 1265 1659 ut
1307 1591 1760 1658 testimonium
1820 1591 2092 1659 haberet
2137 1591 2211 1655 in
2267 1595 2559 1673 tempore
2618 1591 2784 1656 rela-

690 1698 904 1763 tionis.
1043 1696 1428 1782 Suscipiunt
1496 1714 1664 1779 ergo
1724 1694 1893 1758 illud
1959 1696 2032 1758 in
2099 1692 2230 1757 alio
2292 1710 2462 1768 vase,
2538 1692 2785 1777 gratias

691 1804 957 1884 agentes
1017 1798 1176 1874 De0‚
1243 1796 1377 1878 Qui
1443 1795 1608 1859 talia
1667 1800 1976 1878 operatur
2042 1795 2114 1859 in
2180 1791 2422 1858 Sancto
2483 1790 2529 1855 J
2530 1792 2787 1859 ohanne

693 1901 1076 1991 complacito
1119 1921 1275 1967 vase
1321 1896 1828 1963 inhabitationis
1875 1895 2043 1962 Suae.

1420 2132 1863 2219 [mmmm
1909 2131 2056 2218 XL]

693 2286 789 2371 De
831 2286 1109 2374 Spiritu
1152 2284 1394 2353 Sanwto
1451 2307 1655 2374 super
1713 2284 2043 2354 Sanctwn
2090 2291 2395 2353 oroentmn
2444 2285 2530 2353 ‘im
2586 2286 2791 2373 specie

869 2388 1183 2455 colwmboe
1225 2388 1378 2465 υίεο,
1439 2395 1498 2454 et
1555 2387 1637 2454 cle
1694 2386 1977 2454 diacono
2030 2409 2165 2475 pro
2207 2387 2462 2455 vieiom
2503 2389 2791 2456 multato

861 2511 1088 2578 ρωποι,
1136 2497 1195 2558 et
1238 2491 1493 2559 iterum
1534 2511 1582 2557 a
1627 2489 1871 2557 Swncto
1915 2497 2165 2558 curato.

780 2643 1045 2719 Audite,
1081 2663 1317 2729 queem,
1363 2642 1580 2710 adhuc
1624 2642 1986 2708 Dominum
2030 2644 2104 2709 in
2150 2642 2450 2730 exemplo
2497 2642 2618 2710 Sui
2664 2644 2785 2710 mi·
2812 2653 2981 2707 When
3004 2655 3060 2705 in

688 2745 1050 2813 rificantem
1139 2745 1185 2810 J
1187 2745 1511 2812 ohannem
1603 2744 1829 2823 Suum,
1906 2746 2457 2835 exhibentemque
2538 2769 2786 2814 novum
2808 2719 3125 2839 ξεζξξὶέοωι

690 2849 1059 2917 sanctitatis
1149 2849 1290 2936 ejus
1386 2846 1753 2916 indicium.³
1872 2847 2209 2938 Siquando
2284 2852 2358 2916 in
2440 2851 2787 2939 metropoli
2810 2856 3048 2921 frequent

691 2951 993 3031 Eboraoe,
1039 2952 1632 3041 archiepiscopatus
1696 2952 1945 3020 scilicet
2003 2954 2107 3019 sui
2168 2954 2334 3032 sede,
2382 2975 2533 3020 eum
2578 2954 2786 3021 conti·
2811 2923 3119 3041 3}ssssme

686 3053 889 3139 gisset
962 3055 1218 3132 morari,
1293 3054 1813 3141 amplectebatur
1885 3055 2079 3120 valde
2144 3054 2479 3122 basilicam
2556 3055 2788 3122 Sancti
2810 3055 3051 3109 Michael.

688 3154 1026 3221 Michaelis
1071 3153 1511 3242 Archangeli,⁴
1567 3155 1792 3240 ibique
1839 3155 2147 3220 excubias
2194 3155 2565 3221 celebrabat
2607 3156 2785 3221 solli-

689 3256 804 3321 citi
824 3255 849 3294 5
895 3255 1145 3340 operis:
1208 3256 1519 3341 contigua
1563 3256 1739 3319 enim
1786 3261 1928 3318 erat
1970 3277 2107 3320 suae
2152 3256 2493 3320 mansioni.
2586 3256 2786 3321 Unde

688 3356 927 3421 accidit
972 3354 1254 3439 quadam
1300 3356 1443 3419 vice
1486 3359 1567 3417 ut
1630 3375 1705 3418 eo
1768 3353 2053 3418 latenter
2113 3360 2349 3440 agente
2413 3354 2578 3419 inibi
2638 3354 2786 3419 illas

691 3454 1014 3520 orationes
1061 3475 1226 3531 suas,
1274 3453 1628 3518 visibiliter
1679 3453 2076 3518 cernendum
2137 3475 2205 3519 se
2248 3451 2330 3517 ‘in
2374 3454 2587 3540 specie
2632 3476 2783 3521 can-
2809 3468 3003 3520 Whilst

690 3555 908 3619 dentis
953 3554 1269 3620 columbae
1313 3554 1413 3618 1111·
1459 3554 1779 3639 praeberet
1834 3553 2122 3639 Spiritus
2184 3554 2412 3620 sanet-‚i
2457 3555 2782 3643 majestas,
2808 3535 2968 3665 3533
2989 3535 3078 3650 {1¹3⁰

690 3657 989 3722 flammeo
1052 3655 1392 3742 splendore
1456 3675 1734 3733 corusca,
1806 3675 2005 3740 supra
2071 3661 2270 3742 caput
2337 3658 2583 3723 orantis
2648 3658 2783 3746 epi·
2808 3668 2896 3718 the
2917 3668 3049 3720 form

691 3757 868 3845 scopi
913 3758 1084 3822 sedis
1128 3779 1263 3822 suae
1307 3757 1584 3843 gloriam
1630 3757 1917 3844 dignata.
2810 3733 3086 3850 ggezffivss

778 3862 959 3928 Deus
1003 3865 1245 3926 aeterne
1292 3866 1361 3925 et
1408 3859 1890 3946 benignissime,
1936 3861 2018 3926 de
2064 3881 2261 3947 quam
2305 3863 2551 3929 mundo
2596 3863 2785 3930 corde
2808 3866 2948 3943 hene
2970 3881 3091 3916 ovet

689 3966 1146 4051 processerunt
1189 3960 1513 4027 orationes
1575 3959 1724 4039 illae,
1771 3982 1920 4047 quae
1982 3960 2210 4030 Sancti
2279 3962 2566 4050 Spiritus
2619 3986 2785 4052 prae-
2809 3932 2889 3982 ¹²¹⁸
2909 3932 3057 3982 ΒΜ·

690 4067 971 4134 sentiam
1016 4059 1397 4145 obtinuere3
1441 4063 1639 4144 illam,
1672 4064 1959 4154 inquam,
1992 4065 2280 4144 eandem,
2315 4087 2461 4153 quse
2507 4068 2580 4132 in
2624 4067 2671 4134 J
2671 4089 2787 4133 esu

553 4255 564 4260 -
689 4170 860 4235 Filio
889 4169 1016 4234 Dei
1046 4168 1380 4254 baptizato
1409 4145 1718 4254 apparuit
1752 4168 1825 4233 in
1857 4167 1903 4234 J
1902 4168 2180 4235 ordane!
2270 4169 2485 4251 Quam
2525 4171 2785 4259 placitae

756 4396 772 4428 ¹
805 4395 1041 4460 interius]
1081 4393 1229 4455 intro,
1252 4393 1322 4444 A.
1783 4402 1839 4444 to
1876 4394 1964 4445 the
2003 4395 2226 4460 bishop’s
2268 4397 2537 4449 renidenee.
2606 4399 2657 4448 It
2680 4414 2784 4449 vas

756 4474 778 4507 ²
816 4473 1135 4538 inconsuetoe]
1163 4473 1395 4535 insuetoe,
1417 4472 1487 4522 A.
1783 4472 1910 4523 then
1948 4489 1980 4523 a
2018 4473 2203 4539 chapel
2257 4475 2535 4542 belonging
2585 4484 2639 4528 to
2695 4477 2783 4529 the

757 4554 779 4587 ⁸
811 4550 1071 4617 indicium]
1107 4549 1373 4616 judicium,
1395 4551 1464 4600 A.
1784 4549 2010 4602 minster.

758 4632 779 4663 ⁴
811 4630 1068 4696 Probably
1112 4631 1201 4680 the
1255 4629 1446 4681 church
1503 4629 1566 4679 of
1612 4627 1686 4681 St.
1848 4627 1870 4662 ⁸
1904 4628 2104 4682 collidet·
2123 4617 2314 4699 operis]
2341 4632 2662 4702 solitiopcris
2687 4637 2767 4688 sui

692 4709 1232 4776 Michael·le-Belfrey,
1275 4708 1579 4774 contiguous
1635 4716 1690 4758 to
1784 4710 1853 4760 A.

688 4791 778 4843 the
797 4790 1025 4853 minster,
1048 4788 1148 4839 and
1170 4789 1259 4840 the
1281 4796 1482 4842 nearest
1499 4787 1690 4840 ehurch

2474 4890 2521 4939 R
