3600 5800
1125 892 1543 961 oAPoRAvE’s
1587 909 1747 959 urs
1791 909 1882 958 or
1926 908 2241 959 mmm.
2605 896 2737 960 503

632 1105 932 1164 Pictorum
978 1104 1337 1176 provinciam
1373 1096 1589 1174 duxit,
1637 1102 1706 1164 et
1739 1106 2009 1164 hostibus
2056 1106 2259 1178 fugam
2302 1104 2733 1171 simulantibus,
2761 1098 2997 1178 Essssffith

637 1194 703 1248 in
738 1192 1037 1264 angustias
1071 1184 1618 1251 inaccessibilium
1643 1196 1937 1254 montium
1961 1195 2298 1266 perductus,
2324 1212 2458 1288 cum
2482 1194 2740 1288 maffima
2761 1168 3022 1284 {³111szssss

632 1281 726 1336 sui
782 1281 1072 1337 exercitus
1129 1281 1314 1353 copia,
1377 1301 1553 1354 quam
1621 1301 1819 1339 secum
1891 1282 2231 1348 adduxerat,
2299 1279 2736 1361 extingmtur.
2761 1313 2922 1373 Beda,
2946 1313 3018 1362 H,

630 1360 830 1425 Anno
874 1383 1031 1426 vero
1075 1362 1484 1447 praeccdente
1527 1363 1705 1427 idem
1752 1362 2080 1447 Egbertus
2116 1370 2251 1440 (sic)
2274 1372 2456 1427 misso
2481 1373 2739 1427 exercitu
2761 1379 2843 1441 E„
2863 1378 2931 1429 iv.
2956 1383 3039 1428 26.

629 1470 844 1526 misere
878 1472 1130 1527 vastavit
1166 1463 1510 1530 Scotorum
1555 1478 1625 1529 et
1669 1463 2004 1530 Pictorum
2047 1475 2286 1542 gentem
2335 1470 2628 1526 innoxiam
2678 1477 2739 1527 et

630 1558 854 1614 nationi
910 1558 1237 1632 Anglorum
1286 1578 1517 1632 semper
1564 1560 1999 1625 amicissimam,
2050 1560 2136 1614 ita
2181 1561 2251 1613 ut
2303 1570 2426 1614 nec
2477 1558 2739 1614 ecclesiis

627 1658 750 1703 nec
792 1648 1165 1704 monasteriis
1206 1667 1415 1706 manus
1463 1654 1730 1720 parceret
1780 1648 2032 1704 hostilis.
2131 1637 2374 1702 Incolae
2410 1658 2568 1702 vero
2599 1664 2735 1699 aux-

628 1726 802 1781 ilium
837 1727 1070 1783 Divinae
1105 1729 1340 1800 pietatis
1376 1730 1733 1795 invocantes,
1773 1728 2001 1784 caelitus
2038 1744 2101 1783 se
2134 1725 2421 1782 vindicari
2449 1726 2738 1781 continuis

630 1809 736 1865 diu
785 1811 1299 1884 imprecationibus
1352 1812 1739 1884 postulabant.
1823 1813 1900 1867 Et
1951 1811 2217 1882 quamvis
2274 1809 2552 1865 maledici
2602 1828 2735 1881 reg-

628 1913 774 1950 num
811 1896 924 1951 Dei
958 1895 1255 1968 possidere
1295 1914 1414 1951 non
1460 1901 1722 1968 possunt,
1761 1895 2050 1951 creditum
2086 1899 2179 1950 est
2214 1897 2411 1949 tamen
2446 1893 2602 1966 quod
2647 1895 2735 1949 hii

629 1981 840 2035 merito
889 1980 1208 2052 impietatis
1257 1998 1379 2035 suae
1427 1981 1947 2045 maledicebantur,
1994 1980 2154 2036 ocius
2204 1978 2455 2034 Domino
2501 1978 2735 2034 vindice

628 2088 832 2142 poenas
884 2071 977 2125 sui
1028 2076 1223 2126 reatus
1274 2072 1525 2127 luerent.
1623 2073 1701 2127 Et
1759 2072 2035 2143 quoniam
2090 2085 2209 2128 rex
2260 2062 2478 2127 noluit
2504 2121 2509 2127 .
2532 2071 2735 2127 audire

626 2145 1180 2214 reverendissimum
1225 2164 1451 2232 patrem
1504 2160 1851 2231 Egbertum,
1888 2178 1962 2215 no
2019 2160 2277 2216 Scotiam
2325 2151 2484 2215 nihil
2521 2178 2582 2215 se
2636 2160 2736 2214 lae-

630 2238 867 2294 dentem
902 2240 1301 2310 impugnaret,
1336 2241 1538 2296 datum
1574 2245 1665 2295 est
1713 2240 1806 2294 illi
1841 2257 1911 2295 ex
1947 2256 2122 2311 poena
2166 2240 2393 2311 peccati
2430 2240 2606 2303 illius,
2656 2256 2734 2293 ne

628 2323 831 2388 etiam
875 2344 1051 2388 anno
1096 2330 1412 2411 sequente
1463 2324 1705 2389 amieos
1756 2345 1910 2388 suos
1956 2329 2025 2389 et
2077 2325 2404 2410 praeeipue
2450 2324 2733 2388 Beatum

631 2417 1092 2502 Cuthbertum,
1129 2435 1230 2505 qui
1267 2434 1460 2506 ipsum
1496 2434 1570 2488 ab
1618 2433 1867 2488 interitu
1902 2449 2177 2488 revocare
2228 2433 2517 2504 cupiebat,
2572 2432 2733 2488 audi-

627 2527 740 2577 ret.
812 2523 900 2578 Ex
936 2540 1053 2593 quo
1088 2519 1381 2599 tempore
1432 2539 1565 2592 spes
1613 2520 1795 2592 coepit
1849 2524 1910 2575 e‘t
1957 2520 2146 2574 virtus
2198 2520 2367 2590 regni
2401 2519 2735 2590 Anglorum

626 2602 824 2659 fluere.
921 2603 981 2659 N
981 2621 1079 2658 am
1137 2603 1293 2658 Picti
1352 2608 1415 2657 et
1476 2601 1634 2656 Sooti
1683 2606 1904 2654 terram
1956 2599 2334 2670 possessionis
2384 2615 2504 2654 suoe
2558 2616 2733 2669 quam

625 2686 944 2739 tenuerunt
977 2683 1162 2754 Angli
1199 2687 1261 2737 et
1294 2682 1627 2737 libertatem
1661 2686 2027 2750 receperunt,
2068 2696 2240 2749 quam
2278 2684 2337 2734 et
2373 2675 2734 2735 tenuerunt

626 2788 733 2841 per
793 2789 975 2827 annos
1035 2771 1425 2843 quadraginta
1473 2787 1592 2835 sex,
1656 2765 1732 2824 ut
1806 2759 1907 2824 ait
1974 2759 2173 2836 Beda,
2235 2758 2404 2824 libro
2479 2765 2732 2844 quartO,

626 2863 918 2951 capitulo
961 2863 1273 2931 vicesimo
1317 2860 1599 2949 quarto.l
1687 2861 1875 2928 Tune
1910 2862 2089 2928 euim
2133 2862 2391 2950 expulsi
2429 2866 2499 2928 et
2542 2862 2735 2929 occisi

626 2973 786 3032 sunt
828 2966 1035 3054 Angli
1079 2967 1160 3032 de
1204 2966 1546 3052 provincia
1579 2964 1709 3042 illa,
1747 2970 1818 3029 et
1863 2987 2014 3050 pars
2058 2966 2246 3051 regni
2283 2965 2734 3031 Berniciorum

624 3090 668 3134 a
709 3070 877 3134 mari
925 3068 1272 3134 Scotorum
1325 3089 1534 3153 usque
1598 3066 1928 3143 Twedam‚
1973 3087 2183 3150 usque
2245 3071 2408 3131 tunc
2468 3067 2733 3152 regibus

625 3171 694 3234 N
697 3170 1365 3236 orthanhumbrorum
1432 3169 1745 3253 subjecta,
1815 3168 2083 3232 omnino
2151 3167 2375 3232 ablata
2440 3173 2557 3244 est,
2611 3189 2733 3233 nec

622 3291 855 3356 usque⁴
907 3271 994 3336 ad
1060 3276 1355 3335 nostram
1430 3275 1697 3334 aetatem
1771 3268 1847 3330 in
1912 3273 2166 3332 statum
2238 3268 2595 3352 pristinum
2662 3273 2728 3333 et

622 3372 1116 3457 subjectionem,
1185 3370 1439 3438 occulto
1514 3370 1643 3434 Dei
1708 3369 2105 3435 adversante
2171 3368 2442 3454 judicio,
2518 3370 2729 3456 redigi

621 3473 859 3560 potuit.

711 3575 1022 3661 ngl'idus
1051 3574 1295 3660 itaque,
1334 3581 1438 3653 qui
1474 3573 1793 3639 Sanctum
1847 3570 2231 3637 wilfridum
2265 3579 2428 3636 nullo
2461 3585 2631 3653 pacto
2665 3581 2728 3637 in
2750 3580 2986 3643 Eadmer,

619 3678 939 3735 amicitiam
974 3693 1142 3733 suam
1195 3677 1475 3747 dignatus
1511 3680 1603 3732 est
1655 3675 1986 3740 admittere,
2025 3674 2237 3759 merito
2279 3671 2483 3728 debuit
2518 3691 2586 3728 eo
2629 3672 2726 3728 de·
2751 3663 2861 3714 ⁰⁸1³·
2885 3649 3014 3700 ¹¹⁰¹·

619 3764 820 3830 specto
857 3758 928 3812 ab
964 3756 1184 3812 eisdem
1218 3756 1482 3811 hostibus
1514 3756 1686 3822 mori,
1719 3773 1865 3827 quos
1901 3755 2065 3827 prius
2101 3768 2244 3831 ejus
2287 3766 2477 3831 prece
2513 3753 2730 3809 meruit

620 3864 741 3902 suoe
778 3844 990 3900 ditioni
1039 3843 1292 3898 feliciter
1339 3843 1644 3915 subjicere.
1737 3835 1986 3900 Eadem
2033 3835 2212 3899 enim
2263 3844 2410 3898 hora
2461 3859 2578 3913 qua
2624 3860 2729 3897 rex

618 3934 789 4006 gravi
831 3934 985 3990 bello
1032 3931 1423 4004 premebatur,
1481 3924 1767 3989 Sanctus
1821 3932 2129 3988 wilfi-idus
2181 3930 2363 3988 sacris
2412 3928 2728 3986 Missamm
2750 3925 3006 4005 Wilfrid’s

618 4021 937 4082 sollemniis
970 4021 1326 4077 intendebat.
1402 4020 1668 4093 Cumque
1719 4022 1876 4079 dicto
1937 4021 1969 4048 “
1990 4012 2268 4078 Sursum
2314 4009 2584 4086 Corda,”
2635 4038 2724 4075 re-
2750 4008 2803 4108 ”E
2807 3995 3005 4111 'mnnssf

619 4109 1022 4182 sponderetur,
1064 4101 1442 4167 “Habemus
1484 4101 1571 4166 ad
1608 4102 2025 4180 Dominum,'’
2048 4116 2254 4183 raptus
2278 4109 2342 4164 in
2376 4107 2593 4163 mentis
2630 4125 2724 4163 ex·
2749 4125 2919 4189 death,
2944 4078 3036 4179 &g

620 4215 847 4255 cessum
882 4198 1034 4254 vidit
1070 4198 1381 4270 ngridum
1420 4199 1610 4269 capite
1647 4216 1886 4265 caesum,
1912 4201 2089 4256 morti
2125 4187 2561 4256 succumbere.
2635 4188 2726 4253 Et

616 4303 752 4342 oum
811 4287 872 4340 in
934 4287 1306 4355 Praefatione,
1369 4285 1403 4312 “
1429 4300 1548 4363 per
1592 4277 1933 4344 Christum
1964 4281 2328 4346 Dominum
2371 4281 2674 4342 nostrum
2688 4278 2723 4304 '⁹

618 4378 933 4443 diceretur,
971 4378 1220 4449 aspexit,
1257 4384 1316 4434 et
1351 4380 1517 4434 eece!
1556 4379 1671 4434 duo
1705 4380 1955 4451 maligni
1991 4382 2235 4454 spiritus
2271 4379 2528 4435 animam
2564 4380 2725 4451 regis

618 4469 752 4518 ante
812 4463 996 4535 ipsius
1056 4462 1253 4518 oculos
1312 4463 1726 4519 miserabiliter
1774 4467 2122 4531 attulerunt,
2175 4468 2378 4540 sicque
2432 4462 2720 4521 horrendo

616 4542 843 4614 gemitu
906 4541 1290 4613 suspirantem
1353 4559 1549 4598 secum
1616 4543 1692 4598 ad
1753 4544 1972 4601 inferni
2035 4537 2289 4603 claustra
2351 4537 2716 4602 detulerunt.

1346 4819 1360 4853 ¹
1398 4820 1527 4884 Cap.
1551 4818 1697 4885 xxii„
1720 4830 1814 4874 not
1836 4821 1978 4872 xxiv.
