3600 5800
1132 871 1551 936 6116611166
1596 889 1755 935 urs
1800 888 1889 935 or
1934 887 2250 935 waram.
2606 874 2737 940 487

640 1066 752 1124 fice
804 1064 1078 1139 retento,
1114 1067 1471 1124 Benedictus
1516 1068 1764 1125 Romam
1798 1086 1984 1141 usque
2019 1069 2315 1142 profectus
2348 1066 2466 1127 est.
2540 1070 2743 1125 Delec-

636 1148 872 1203 tabatur
908 1148 1065 1204 enim
1090 1149 1336 1205 antistes
1371 1149 1689 1223 prudentia
1715 1151 1973 1223 juvenis,
2001 1151 2213 1223 gratia¹
2251 1149 2483 1207 venusti
2516 1150 2737 1213 vultus,

631 1239 710 1283 ac
762 1228 1102 1284 maturitate
1154 1230 1514 1285 intentionis.
1606 1229 1781 1285 Unde
1834 1247 2079 1303 quoeque
2127 1230 2459 1287 necessaria
2506 1229 2623 1301 ipsi
2663 1240 2743 1287 ae

634 1306 808 1361 666116
845 1306 991 1377 ejus,
1037 1306 1177 1362 dum
1227 1325 1422 1362 secum
1477 1325 1602 1364 esse
1657 1309 1952 1374 volebant,
1992 1309 2359 1365 abundanter
2407 1308 2735 1376 tribuebat·

636 1383 707 1441 et
749 1377 1021 1463 insuper
1064 1378 1382 1444 offerebat
1424 1384 1520 1457 ut,
1558 1388 1609 1443 si
1643 1387 1842 1454 vellet,
1897 1395 2122 1461 partem
2178 1380 2412 1446 Galliae
2447 1407 2568 1444 non
2614 1380 2737 1444 mi-
2762 1384 3003 1448 Eadmer,

632 1466 884 1531 nimam
928 1467 1028 1531 illi
1072 1476 1389 1548 regendam
1426 1468 1884 1545 committeret,
1922 1494 1990 1532 6ο
2026 1475 2207 1531 filiam
2247 1478 2451 1533 fratris
2494 1478 2587 1532 sui
2621 1479 2740 1534 vir-
2763 1465 2877 1515 081>-
2898 1467 2950 1502 v.

634 1564 835 1634 ginem
893 1555 994 1620 1111
1049 1569 1362 1640 conjugem
1420 1557 1624 1633 daret,
1688 1578 1968 1641 eumque
2033 1557 2423 1642 adoptivum
2485 1576 2743 1643 semper

629 1642 916 1710 haberet.
1007 1654 1093 1710 At
1127 1655 1229 1712 ille
1265 1655 1485 1726 gratias
1522 1671 1701 1726 agens
1738 1653 1970 1726 pietati,
2010 1670 2189 1725 quam
2223 1671 2367 1726 erga
2401 1666 2570 1722 611111,
2606 1673 2741 1711 6616

635 1739 807 1799 esset
840 1744 1206 1816 peregrinus,
1253 1744 1471 1799 habere
1520 1742 1885 1814 dignaretur,
1935 1740 2240 1814 respondit
2272 1743 2636 1815 propositum
2671 1758 2742 1802 66

635 1833 827 1904 magis
861 1833 1108 1888 alterius
1132 1832 1586 1888 conversationis
1609 1833 1847 1897 habere,
1885 1826 2087 1907 atque
2131 1822 2280 1887 ideo
2316 1832 2508 1903 patria
2533 1832 2744 1889 relicta

636 1917 883 1973 Romam
918 1920 1036 1975 iter
1067 1932 1261 1997 agere
1303 1921 1566 1993 coepisse.
1657 1919 1883 1989 Quibus
1924 1920 2165 1985 auditis,
2219 1920 2387 1975 misit
2434 1933 2587 1976 eum
2638 1939 2741 1977 an-

637 2005 806 2062 tistes
878 2007 1144 2074 Romam,
1215 2000 1389 2065 datis
1465 1999 1883 2065 abundanter
1955 2020 2076 2085 pro
2151 1999 2267 2063 via
2337 2001 2738 2080 66666661116,

636 2086 946 2143 obsecrans
981 2095 1271 2160 quatenus
1306 2090 1380 2144 de
1416 2089 1604 2145 Roma
1638 2088 1872 2144 rediens
1907 2088 1983 2143 ad
2018 2105 2080 2143 se
2114 2087 2452 2144 declinaret

704 2169 789 2224 Ut
838 2174 1035 2226 autem
1084 2172 1332 2227 Romam
1381 2172 1563 2237 venit,
1622 2171 1950 2227 beatissimi
1997 2169 2410 2242 Apostolorum
2457 2172 2741 2245 principis
2762 2182 3000 2247 Eadmer,

631 2260 843 2317 limina
902 2261 1107 2318 orandi
1169 2262 1367 2333 gratia
1425 2263 1616 2335 petiit.
1715 2264 2005 2334 Egressus
2067 2253 2223 2318 inde
2292 2259 2363 2320 et
2419 2263 2739 2319 oratorium
2764 2265 2874 2315 ΜΡ·
2898 2249 2967 2300 Vi·

636 2339 865 2405 Sancti
928 2342 1213 2407 Andreae
1281 2351 1602 2420 ingressus,
1664 2350 1949 2420 humique
2005 2354 2347 2422 prostratus,
2401 2342 2496 2408 616
2554 2364 2740 2408 orare
2762 2323 2971 2442 gffld
2990 2330 3047 2375 ⁸¹²

630 2430 953 2515 coepitz‘
960 2438 1274 2493 ‘Piissime
1309 2436 1725 2509 Apostolorum
1774 2436 1906 2501 Dei,
1956 2436 2141 2491 frater
2191 2436 2550 2493 beatissimi²
2583 2439 2739 2512 Apo-

636 2533 674 2558 “
716 2530 851 2585 stoli
885 2529 1067 2594 Petri,
1106 2547 1182 2585 en
1218 2545 1348 2599 ege,
1376 2527 1706 2600 peregrinae
1741 2526 2078 2599 provincias,
2106 2526 2182 2582 ad
2214 2532 2321 2583 tua
2339 2528 2549 2584 limina
2581 2531 2741 2599 veni,

639 2612 676 2638 ‘⁸
716 2610 950 2665 veniam
984 2625 1092 2679 pro
1127 2608 1382 2680 peccatis
1424 2607 1848 2678 postulaturus.
1921 2606 2137 2661 Precor
2173 2620 2339 2711 ergo·
2361 2613 2442 2675 te,
2479 2626 2586 2680 per
2618 2610 2742 2683 pie-

637 2700 678 2725 “
713 2702 897 2753 tatem
932 2708 1131 2774 quam
1169 2696 1396 2752 coeteris
1444 2700 1723 2768 praestare
1769 2694 2055 2767 probaris,
2093 2703 2162 2753 ut
2207 2697 2441 2752 veniam
2475 2702 2743 2769 peceato-

636 2779 673 2804 “
714 2795 867 2843 rum,
905 2797 1081 2850 quam
1115 2795 1223 2849 per
1263 2783 1324 2833 te
1371 2776 1638 2832 obtinere
1675 2775 1924 2842 confide,
1957 2793 2077 2831 non
2111 2794 2370 2849 quaeram
2404 2778 2470 2833 in
2502 2795 2739 2847 vanum,

637 2858 675 2884 ‘⁶
714 2875 791 2914 ne
825 2857 976 2913 mihi
1010 2862 1192 2914 tantae
1227 2849 1390 2914 Vioe⁸
1430 2857 1760 2931 progressio
1796 2856 2111 2930 procedat
2094 2877 2161 2915 16
2196 2877 2438 2917 cassum.
2491 2859 2742 2929 Verum,

636 2939 676 2965 ‘⁶
715 2943 783 2993 ut
829 2939 1094 3010 experiar
1138 2939 1376 2995 vincula
1420 2957 1567 2997 meoe
1625 2938 1945 3035 impietatis
1997 2956 2105 3010 per
2151 2944 2258 2996 tua
2308 2940 2523 2996 merita
2571 2942 2742 3008 solvi,

638 3022 677 3048 “
718 3021 898 3088 solve,
963 3039 1179 3093 quaese,
1236 3023 1659 3095 impedimenta
1717 3021 1946 3093 ingenii
2006 3023 2146 3089 mei,
2200 3029 2262 3079 et
2317 3023 2539 3095 lingum
2574 3042 2741 3089 meae,

637 3106 1001 3174 “quatenus
1045 3105 1213 3160 verbi
1266 3107 1381 3161 Dei
1435 3105 1724 3177 mysteria
1771 3103 1945 3160 corde
1995 3105 2317 3177 percipere,
2370 3111 2430 3160 et
2482 3105 2705 3162 diserto
2721 3107 2743 3140 ⁴

663 3183 1065 3238 ‘elocutionis
1100 3183 1273 3239 modo
1302 3184 1506 3239 eadem
1541 3184 1674 3240 aliis
1696 3184 1926 3239 valeam
1962 3182 2273 3239 insinuare.
2279 3184 2318 3210 ’⁹
2391 3176 2533 3242 Nec
2567 3186 2744 3243 citius

633 3261 813 3316 verba
864 3261 1144 3316 orationis
1204 3262 1541 3334 complevit,
1598 3279 1773 3332 quam
1823 3260 2260 3317 vivacissimum
2312 3264 2525 3319 mentis
2578 3264 2744 3335 inge-

633 3346 820 3411 nium,
847 3349 909 3399 et
941 3345 1443 3416 promptissimum
1481 3344 1825 3401 elocutionis
1860 3343 2099 3399 modum
2134 3362 2197 3401 se
2234 3348 2558 3418 percepisse
2607 3364 2741 3419 cog·
2765 3347 3001 3410 Eadmer,

637 3425 822 3481 novit.
902 3424 1105 3479 Romae
1154 3425 1345 3496 igitur
1390 3424 1629 3497 degens,
1682 3424 1934 3479 orationi
1971 3418 2041 3479 eb
2074 3423 2444 3481 meditationi
2478 3439 2740 3499 vaca-ne,
2765 3430 2879 3479 ⁰⁸1>-
2903 3414 2993 3469 vii·

635 3526 679 3569 6
723 3503 1078 3582 Bonifacio,
1125 3504 1301 3569 sedis
1345 3504 1745 3591 Apostolicae
1774 3503 2244 3582 archidiacone,
2291 3520 2539 3587 quatuor
2560 3516 2741 3573 libros

638 3606 1114 3743 Εν668611161616,
1170 3606 1582 3662 rationabilem
1640 3606 1881 3661 Paschae
1916 3605 2260 3671 terminum,
2314 3608 2545 3679 aliaque
2596 3626 2741 3664 non-

636 3691 801 3745 nulla
833 3690 895 3745 di
938 3690 1059 3745 icit.

705 3771 1123 3829 Ecclesiastica
1178 3772 1368 3845 igitur
1425 3772 1739 3846 disciplina
1804 3771 2065 3828 imbutus
2123 3773 2318 3841 rediit,
2381 3775 2742 3848 Dalphinum

636 3866 972 3938 episcopum
1031 3863 1196 3930 adiit,
1234 3862 1304 3923 et
1349 3865 1542 3921 tribus
1599 3863 1769 3919 annis
1822 3878 1972 3921 cum
2036 3878 2113 3922 eo
2175 3860 2462 3940 mansit,
2448 3884 2460 3897 ·
2531 3886 2568 3924 a
2624 3887 2739 3941 quo

633 3972 918 4029 attonsus,
960 3962 1028 4022 et
1063 3967 1127 4022 in
1162 3972 1328 4025 tanto
1363 3974 1452 4025 est
1486 3984 1680 4023 amore
1715 3967 1969 4032 habitus,
1997 3972 2067 4023 ut
2100 3968 2274 4024 illum
2297 3969 2411 4025 sibi
2445 3910 2740 4026 baeredem

635 4050 825 4104 facere
861 4047 1163 4118 cogitaret.
1239 4047 1357 4104 Sed
1404 4065 1478 4102 ne
1524 4046 1633 4101 hoc
1681 4046 1812 4101 fieri
1859 4052 2072 4118 posset,
2110 4048 2354 4104 antistes
2391 4055 2482 4105 est
2515 4049 2740 4104 crudeli
2763 4033 2933 4085 D‘mh
2957 4035 3015 4084 ⁰f

637 4132 829 4183 morte
869 4125 1252 4228 praereptus,
1289 4133 1352 4184 et
1384 4126 1695 4185 wilfridus
1731 4118 1820 4183 ad
1870 4118 2184 4206 Angh'am
2229 4124 2332 4185 est
2388 4142 2736 4207 regressus.
2762 4101 3012 4152 Daffinus.

638 4215 942 4287 Siquidem
989 4217 1197 4287 regina
1243 4216 1601 4271 Francorum
1646 4207 1932 4272 Batildis
1977 4234 2048 4271 ea
2082 4222 2431 4288 tempestate
2481 4216 2739 4274 ecclesioe

637 4302 860 4358 Christi
875 4301 896 4333 ⁵
949 4296 1466 4381 persecutionem
1524 4296 1773 4375 intulit,
1827 4296 2304 4383 depraedationi
2325 4294 2352 4335 ⁰
2395 4297 2737 4376 aestuabat,

640 4468 754 4475 .—

704 4567 721 4600 ¹
749 4569 951 4634 qratia]
990 4584 1087 4618 om.
1112 4570 1174 4619 Ε.
1193 4570 1257 4621 Ο.
1802 4568 1823 4600 ⁴
1860 4567 2065 4633 diserto]
2106 4568 2342 4630 discreto,
2363 4569 2428 4621 Ε.

701 4648 724 4681 ²
759 4647 1054 4713 beatissimi]
1093 4664 1195 4699 om.
1221 4649 1282 4698 Ε.
1307 4648 1371 4699 Ο.
1801 4648 1823 4679 ⁶
1865 4647 2084 4713 Christi]
2124 4664 2222 4697 om.
2246 4650 2304 4699 Ε.

706 4726 730 4760 ³
763 4728 883 4793 vioe]
923 4745 1023 4779 om.
1046 4729 1109 4778 E.
1134 4728 1199 4780 O.
1255 4728 1319 4778 Ε.
1342 4728 1491 4783 reads
1531 4730 1639 4776 “ne
1799 4726 1822 4759 ⁶
1853 4727 2249 4793 deproedationi]
2380 4727 2739 4793 deprecationi,

638 4813 670 4837 ‘⁴
707 4808 760 4857 in
783 4815 940 4858 tantae
961 4808 1153 4874 gressio
1176 4823 1257 4858 me
1278 4809 1567 4873 procedat.’'
1731 4806 1918 4875 Capgr.
2078 4820 2086 4829 ·

3206 3 3239 10 m.-

3243 0 3310 9 affl·-
