3600 5800
494 1152 606 1202 The
629 1149 769 1217 piety

495 1218 557 1268 of
574 1218 704 1270 Odo.

493 1757 650 1808 Odo's

491 1823 659 1874 father
678 1840 711 1874 a

491 1889 653 1951 Daue,
678 1891 748 1955 by

489 1965 678 2019 repert.

490 2166 544 2283 ξ,
567 2167 738 2228 Mai-k,
749 2184 801 2221 x.

491 2463 776 2514 AEthelhel·

491 2547 625 2591 mus,
648 2530 728 2581 his

486 2599 707 2649 tencher.

486 2981 542 3031 Is
568 2994 651 3030 or-

483 3047 685 3098 daincd.

493 3593 546 3645 S.
571 3591 720 3644 Mau„

492 3660 597 3710 xvi.
622 3666 704 3710 24.

498 4105 701 4156 Coloss.
725 4106 800 4157 iii.

492 4176 539 4233 1,
558 4177 605 4221 2.

836 841 964 904 404
1475 853 1637 900 vrrA
1684 851 1923 901 smel-1
1973 853 2298 914 oswALm,

830 1062 994 1108 rrwn‘e,
1021 1062 1273 1129 semper
1302 1040 1532 1108 vident
1565 1040 1822 1127 faciem
1857 1040 2091 1128 petiis
2133 1039 2287 1118 mei,
2321 1038 2445 1127 qui
2490 1039 2576 1106 ’ὶπ
2621 1039 2800 1106 coelis
2831 1045 2937 1105 est.

829 1143 939 1208 Ad
1004 1143 1306 1211 ecclesias
1373 1164 1635 1230 quoque
1703 1142 1958 1209 Christi
2021 1142 2402 1228 frequenter
2463 1162 2615 1209 cum
2685 1141 2942 1207 caeteris

829 1243 1137 1309 fidelibus
1198 1245 1550 1312 convenire
1613 1243 1975 1330 satagebat,
2030 1243 2189 1329 quia
2250 1262 2369 1328 pro
2431 1241 2556 1308 hac
2617 1241 2941 1307 bonitatis

828 1366 1026 1412 causa
1070 1351 1408 1432 correptus
1452 1366 1495 1412 a
1539 1350 1727 1432 patre
1781 1364 2199 1430 nequaquam
2264 1344 2351 1408 ab
2395 1343 2520 1410 hoc
2566 1364 2760 1429 opere
2806 1364 2941 1409 ces-

828 1449 1034 1527 sabat,
1083 1451 1393 1535 quoniam
1441 1469 1563 1515 nec
1601 1448 1800 1513 flatus
1843 1447 2178 1512 durissimi
2203 1460 2236 1494 ²
2281 1446 2475 1512 Borei
2521 1446 2745 1532 potuit
2790 1467 2941 1510 eum

828 1572 1236 1637 exsuperare,
1283 1570 1404 1619 nec
1449 1555 1741 1636 paternae
1802 1550 2004 1616 minae
2050 1554 2359 1635 poterant
2403 1570 2445 1617 a
2488 1549 2662 1615 bono
2707 1569 2940 1635 propo-

828 1652 958 1718 sito
1003 1652 1306 1719 avellere.

919 1754 1173 1822 Dicunt
1213 1755 1483 1840 quidam
1531 1754 1708 1840 quod
1738 1776 1825 1820 ex
1871 1754 2031 1839 ipsis
2077 1752 2287 1819 Danis
2334 1758 2522 1838 pater
2566 1752 2708 1838 ejus
2754 1758 2942 1829 esset,

829 1857 945 1943 qui
992 1879 1143 1924 cum
1191 1857 1461 1925 classica
1505 1855 1770 1922 cohorte
1818 1877 1969 1922 cum
2016 1854 2221 1920 Huba
2265 1860 2334 1921 et
2380 1854 2662 1919 Hinwar
2715 1853 2940 1920 venie·

829 1960 1029 2039 bant3
1090 1959 1240 2025 ideo
1284 1963 1474 2045 pater
1517 1980 1652 2024 non
1713 1957 1980 2044 penitus
2026 1954 2293 2021 Christo
2354 1955 2600 2021 servire
2632 1955 2938 2021 studuit.

830 2057 1030 2127 Porro
1073 2082 1237 2146 puer
1267 2061 1411 2138 Dei,
1442 2065 1792 2146 postquam
1841 2059 2170 2145 specimen
2187 2056 2222 2105 b
2269 2079 2406 2124 suae
2442 2057 2826 2145 juventutis
2855 2056 2942 2123 ad

826 2162 1175 2227 servitium
1223 2162 1476 2227 Christi
1538 2161 1957 2236 subdidisset,
2006 2159 2279 2245 reliquit
2295 2173 2324 2206 0
2370 2164 2626 2245 patrem
2688 2164 2758 2224 et
2800 2179 2941 2223 ma-

825 2269 996 2329 trem
1044 2270 1113 2337 et
1156 2265 1379 2330 omnia
1423 2286 1571 2351 quae
1617 2264 1760 2349 ejus
1811 2263 1983 2348 juris
2001 2261 2037 2309 ἅ
2096 2267 2302 2340 erant,
2349 2267 2417 2328 et
2460 2261 2746 2329 adhaesit
2802 2262 2942 2329 cui-

824 2366 978 2431 dam
1024 2367 1404 2435 venerando
1469 2365 1671 2430 militi
1724 2364 1867 2429 Deo
1929 2363 2216 2429 fideliter
2272 2363 2585 2442 credenti,
2634 2370 2940 2430 onomate

823 2467 1283 2544 AEthelhelmo‚
1314 2489 1463 2533 cum
1497 2488 1628 2553 quo
1672 2467 1958 2552 gratiam
2004 2465 2264 2551 paterni
2295 2465 2570 2532 affectus
2612 2466 2892 2552 adeptus
2913 2479 2942 2513 0

823 2575 939 2635 est.
1020 2570 1428 2636 Mansitabat
1458 2591 1660 2656 penes
1678 2567 1703 2615 f
1733 2567 2018 2635 eundem
2050 2588 2259 2632 unum
2290 2567 2713 2653 perplurimis
2757 2590 2940 2634 men-

823 2673 1021 2751 sibus,
1070 2694 1201 2759 quo
1264 2693 1307 2739 a
1358 2672 1644 2759 quodam
1707 2671 2013 2758 religioso
2076 2671 2224 2736 viro
2287 2670 2524 2737 didicit
2586 2671 2940 2737 nonnullos

824 2775 1097 2853 codices,
1143 2796 1378 2841 verum
1441 2773 1644 2839 etiam
1709 2793 1936 2838 veram
2001 2771 2342 2838 catholicae
2405 2772 2562 2837 fidei
2626 2773 2938 2860 regulam,

826 2883 896 2943 et
938 2881 1348 2944 sacramenta
1391 2881 1638 2944 sanctae
1683 2875 1917 2942 matris
1948 2873 2247 2942 ecclesiae.
2344 2874 2457 2942 Sic
2501 2896 2619 2963 per
2647 2875 2940 2963 singulos

821 2978 990 3046 soles
1009 2993 1045 3039 Β
1106 2979 1357 3066 pollens
1410 2977 1792 3056 honoribus
1843 2977 2128 3044 Levitici
2182 2978 2435 3043 ordinis
2493 2979 2778 3066 gratiam
2839 2985 2941 3044 est

822 3080 1189 3168 indeptus.h
1324 3080 1664 3167 Praecepta
1738 3100 2000 3166 quoque
2075 3100 2269 3146 novae
2344 3080 2525 3167 legis,
2597 3103 2747 3167 quae
2822 3103 2940 3168 per

821 3183 1102 3251 Jhesum
1149 3184 1493 3252 Christum
1556 3183 1717 3250 data
1776 3187 1951 3261 sunt,
2014 3203 2409 3270 magnopere
2470 3184 2784 3262 servavit,
2830 3184 2939 3251 cui

822 3287 975 3374 Ipse
1021 3286 1441 3354 Gubernator
1485 3290 1555 3352 et
1598 3285 2005 3372 Redemptor
2069 3285 2219 3372 pius
2279 3284 2492 3372 plebis
2557 3286 2736 3352 fideli
2800 3308 2938 3354 ma-

811 3389 965 3476 jora
1009 3388 1184 3455 dona
1228 3388 1314 3453 ob
1339 3373 1544 3453 ‘statu
1589 3386 1837 3453 mentis
1882 3385 2355 3473 perfectionem
2408 3387 2618 3453 cessit.
2713 3386 2939 3474 Coepit

823 3491 1062 3558 exinde
1126 3489 1432 3567 sollicite,
1478 3488 1780 3577 egregius
1858 3487 2099 3553 LeVita
2171 3509 2578 3555 summorum
2642 3490 2937 3556 virorum

823 3599 975 3660 acta
1048 3593 1251 3680 sequi,
1327 3591 1533 3658 nobili
1615 3588 1995 3677 intelligens
2062 3591 2375 3677 indagine
2444 3591 2777 3677 scriptum,
2857 3591 2939 3659 Si

825 3694 984 3780 quie
1026 3692 1172 3762 vult
1227 3693 1538 3761 obvenire
1591 3699 1742 3780 post
1786 3714 1908 3769 me,
1971 3691 2242 3780 almeqet
2303 3693 2746 3780 semtipsum,
2814 3695 2936 3761 tol-

825 3796 1052 3883 latque
1112 3817 1376 3863 omem
1419 3815 1636 3873 cuam,
1684 3801 1744 3861 et
1808 3801 2134 3881 sequatur
2196 3816 2316 3860 me.
2434 3794 2717 3860 Studuit
2794 3799 2938 3862 tota

826 3898 1068 3963 mentis
1142 3897 1485 3965 conamine
1548 3895 1858 3983 practicae
1920 3896 2082 3962 vitae
2158 3895 2482 3962 desideria
2554 3896 2938 3983 relinquere,

826 4004 896 4066 et
938 4019 1239 4087 supernae
1283 3999 1563 4087 gloriam
1614 3997 1953 4064 felicitatis
1997 3997 2382 4064 medullitus
2428 4018 2735 4085 quaerere,
2767 3999 2940 4068 sicut

826 4100 1285 4169 celeberrimus
1337 4100 1640 4187 agonista
1684 4097 1933 4166 Paulus
1993 4100 2109 4178 ait,
2156 4121 2308 4188 quae
2374 4100 2702 4188 (sursum)
2757 4108 2936 4178 ewnt,

827 4202 969 4281 filii,
1000 4199 1295 4289 quoerlte,
1327 4222 1472 4268 own
1516 4221 1669 4288 quoe
1712 4221 1919 4287 super
1951 4206 2220 4269 terram.
2301 4200 2603 4290 Cumque
2633 4202 2938 4289 pueritiae

828 4309 899 4369 et
940 4302 1400 4371 adolescentiae
1445 4309 1710 4388 tempus
1739 4301 2187 4371 transcendiss
2234 4354 2500 4370 .....
2540 4304 2685 4392 jam
2714 4304 2936 4371 aetatis

826 4439 1355 4553 hmm'ss
1372 4438 1620 4484 tribulatio
1629 4437 1830 4491 monim
1930 4437 2464 4554 ὡὲῧειιωαῖφω]
2493 4442 2567 4488 ιε.
2585 4440 2848 4488 dilectionis
2869 4441 2938 4485 in·

877 4563 900 4593 ⁸
924 4563 1176 4617 mmm]
1204 4563 1358 4615 decus,
1389 4563 1463 4610 vel
1496 4562 1730 4613 honorem.
1759 4564 1831 4607 in·
1988 4562 2006 4593 ¹
2016 4564 2184 4618 pena]
2208 4564 2355 4616 lunt,
2372 4566 2532 4612 ‹nem-1.

827 4626 931 4673 eorl.
1984 4635 2007 4667 ⁸
2029 4627 2171 4681 mles]
2197 4628 2310 4680 dies,
2323 4629 2484 4676 interl.

877 4696 898 4719 ⁶
921 4688 1139 4743 nuqua]
1167 4689 1358 4739 dimisit,
1376 4689 1537 4734 marl.
1983 4688 2009 4718 ¹·
2033 4689 2282 4745 indeptus]
2308 4690 2359 4736 id
2373 4693 2446 4739 ent
2461 4694 2765 4743 οοιιιοοηιιιι.
2778 4692 2935 4736 merl.

877 4751 900 4779 τ’
915 4750 1073 4803 iuris]
1102 4753 1364 4802 vote-tatis,
1382 4751 1544 4796 interl.
