3600 5800
1122 904 1539 973 cmmvs’s
1584 922 1742 972 urs
1787 920 1876 969 or
1923 918 2236 968 warum.
2598 900 2726 963 505

628 1103 1108 1190 objectionibus
1169 1114 1512 1184 perturbare
1560 1117 1883 1185 coeperunt.
1977 1103 2110 1170 Sed
2172 1123 2323 1170 cum
2367 1099 2450 1166 ad
2498 1102 2736 1165 cuneta
2760 1107 2811 1157 A
2836 1106 3037 1158 council

627 1207 886 1292 objecta
927 1206 1411 1272 rationabiliter
1455 1207 1918 1292 respondisset,
1953 1216 2159 1269 horror
2181 1220 2242 1269 et
2276 1213 2435 1285 ipsos
2462 1210 2734 1265 inimicos
2759 1175 2914 1290 233&
2939 1175 3071 1224 Wss‘

627 1303 864 1369 invasit,
927 1305 1205 1368 dicentes,
1261 1304 1511 1374 impium
1562 1322 1683 1358 esse
1733 1305 1926 1358 virum
1982 1300 2285 1360 sanctum
2345 1302 2563 1370 absque
2616 1297 2737 1352 ullo

629 1396 791 1446 certo
827 1392 1071 1446 crimine
1123 1382 1261 1447 suis
1289 1391 1560 1446 omnibus
1610 1390 1868 1462 spoliari.
1968 1390 2140 1447 Unde
2190 1407 2293 1444 rex
2344 1393 2403 1443 ct
2455 1386 2736 1457 archiepi-

631 1494 843 1550 scopus
866 1496 902 1534 a
923 1479 1219 1533 nonnullis
1244 1479 1620 1549 interpellati,
1645 1478 2064 1533 monasterium
2090 1475 2244 1547 quod
2267 1465 2447 1551 apud
2490 1465 2737 1549 Ripum

632 1572 1058 1633 construxerat,
1112 1586 1182 1622 ea
1240 1565 1571 1622 conditione
1630 1561 2102 1633 concesserunt,
2164 1568 2232 1618 ut
2290 1554 2450 1619 illuc
2509 1561 2740 1633 quietus

632 1654 881 1720 sederet,
920 1661 982 1710 et
1032 1656 1251 1726 absque
1304 1654 1547 1708 licentia
1593 1655 1754 1724 regis
1790 1660 1957 1724 septa
2009 1645 2151 1731 ejus
2199 1670 2316 1707 non
2372 1651 2575 1714 exiret,
2631 1665 2738 1702 nec

633 1761 832 1798 curam
870 1743 1217 1815 episcopalis
1254 1742 1426 1798 officii
1462 1742 1711 1797 ulterius
1748 1742 2206 1799 administraret.
2283 1730 2539 1811 Quibus
2598 1728 2738 1814 ipse

633 1825 768 1891 ait:
815 1832 849 1858 “
873 1824 1067 1911 Eg0,”
1099 1824 1336 1910 inquit,
1386 1822 1716 1907 “gradum
1761 1822 2227 1888 sacerdotalem
2272 1848 2390 1885 non
2444 1828 2736 1900 dejiciam,
2765 1840 3019 1895 wnfi-id’s

635 1922 673 1950 “
716 1922 854 1993 quia
889 1922 1074 1977 fateor
1110 1935 1231 1991 me,
1266 1921 1585 1992 quodlicet
1619 1920 1921 1990 indignuS,
1958 1937 2137 1993 opera
2169 1924 2364 1974 tamen
2400 1917 2741 1989 pontificatu
2763 1909 2962 1975 ⁸P000h·

636 2002 673 2028 “
712 2018 832 2054 non
883 1999 1253 2056 mediocriter
1294 2001 1493 2070 digna,
1549 2000 1788 2071 adjutus
1827 2000 2064 2055 Domini
2117 2000 2328 2069 gratia,
2392 1998 2524 2053 feci.
2624 1996 2743 2051 Per

637 2084 675 2110 ‘⁸
715 2078 1104 2150 quadraginta
1127 2098 1303 2136 annos
1339 2081 1552 2151 quibus
1573 2081 1738 2152 potui
1761 2071 1961 2136 fidem
1994 2070 2244 2136 Christi
2288 2077 2625 2151 praedicavi,
2672 2073 2743 2133 et

637 2162 670 2189 “
715 2158 960 2222 multos
1020 2169 1095 2222 ab
1148 2185 1345 2223 errore
1399 2168 1645 2233 correxi,
1683 2165 1752 2224 et
1801 2168 2082 2224 membris
2130 2169 2392 2224 ecclesiae
2452 2167 2740 2239 copulavi.

639 2247 676 2273 “
713 2246 861 2301 Haec
894 2251 1094 2302 tamen
1127 2265 1246 2301 non
1283 2264 1414 2318 egO,
1454 2247 1556 2302 sed
1592 2249 1749 2303 Deus
1803 2249 1942 2319 Ipse
1977 2265 2083 2319 per
2117 2265 2229 2302 me.
2304 2248 2507 2303 Ritum
2561 2245 2743 2300 eccle-

638 2331 676 2355 “
717 2330 969 2384 siasticae
1019 2330 1444 2386 observationis
1498 2349 1604 2403 per
1648 2332 1934 2401 Angliam
1993 2331 2225 2387 Scotica
2271 2330 2587 2386 traditione
2641 2327 2741 2382 de·

639 2414 678 2439 ‘⁴
716 2418 1042 2483 pravatum,
1078 2412 1418 2484 Apostolica
1466 2415 1650 2470 fultus
1702 2416 2070 2480 auctoritate,
2109 2410 2352 2471 correxi.
2426 2411 2742 2483 Praeceptis

639 2498 679 2522 “
718 2496 929 2550 saltem
963 2495 1321 2566 Apostolicae
1359 2498 1534 2562 sedis,
1575 2516 1705 2569 quae
1741 2515 1837 2552 me
1878 2498 2001 2569 jam
2041 2498 2226 2553 simili
2261 2495 2478 2569 injuria
2512 2512 2742 2550 accusa-

640 2575 676 2600 “
715 2579 845 2629 tum
896 2579 1073 2646 atque
1128 2574 1472 2631 damnatum
1521 2595 1891 2643 excusavere,
1934 2584 1994 2633 et
2042 2577 2369 2632 absolutum
2425 2588 2562 2631 esse
2607 2592 2741 2629 con-

641 2656 680 2680 “
719 2654 963 2709 stituere
1017 2654 1517 2725 obtemperaretis,
1558 2658 1611 2711 si
1658 2675 1766 2712 nec
1801 2675 1909 2728 pro
1957 2674 2173 2720 amore,
2212 2673 2321 2710 nec
2373 2674 2480 2727 pro
2534 2656 2745 2710 timore

641 2739 679 2765 ‘⁸
718 2736 830 2792 Dei
865 2754 962 2791 me
1018 2737 1284 2807 quietum
1339 2755 1463 2793 esse
1513 2740 1859 2811 permittere
1893 2739 2077 2795 vultis
2096 2761 2113 2804 ;
2165 2738 2288 2803 sed,
2327 2744 2395 2793 ut
2443 2744 2603 2811 put0,
2643 2737 2748 2793 illa

642 2823 681 2851 “
721 2826 1012 2893 praecepta
1069 2825 1172 2875 aut
1225 2821 1395 2877 obliti
1456 2824 1619 2889 estis,
1675 2830 1780 2880 aut
1834 2830 1993 2880 certe
2045 2825 2192 2879 scita
2244 2828 2304 2877 et
2353 2823 2593 2893 cognita
2639 2838 2747 2893 pro

641 2908 681 2934 ‘⁶
719 2905 905 2960 nihilo
943 2904 1172 2960 ducitis.
1251 2905 1634 2979 Quapropter,
1675 2909 1817 2964 licet
1855 2909 2019 2964 senio
2058 2909 2171 2963 sim
2218 2908 2535 2972 confectus,
2572 2922 2747 2962 nove-

642 2993 680 3020 “
719 2990 854 3045 ritis
902 2993 1100 3044 tamen
1135 3006 1228 3044 me
1281 2989 1486 3045 Romae
1538 3010 1732 3047 coram
1786 2991 2129 3063 Apostolica
2180 2991 2318 3046 sede
2368 2991 2748 3062 probaturum

642 3073 680 3099 “
720 3089 847 3127 esse
882 3072 1221 3137 calumnias,
1262 3090 1406 3143 quas
1441 3074 1588 3129 mihi
1626 3075 1928 3147 imponitis
1966 3093 2073 3147 pro
2109 3075 2271 3145 regis
2320 3073 2744 3143 indignatione,

644 3155 682 3182 “
721 3172 887 3209 veras
910 3172 1030 3209 non
1056 3172 1210 3218 esse3
1249 3173 1359 3209 nec
1385 3157 1578 3211 minus
1601 3175 1741 3212 vere
1766 3175 1861 3211 me
1885 3156 2342 3229 praedicaturum
2367 3173 2491 3210 esse
2530 3156 2746 3219 sciatis,

644 3238 682 3263 “
719 3236 878 3306 quali
945 3235 1141 3291 studio
1201 3236 1562 3292 sacerdotale
1622 3240 2022 3293 ministerium
2082 3239 2319 3307 geratis,
2395 3238 2499 3307 qui
2558 3237 2749 3308 magis

643 3321 680 3344 “
718 3319 901 3372 vultis
975 3318 1282 3389 injustitiae
1356 3319 1658 3374 hominum
1739 3323 1958 3386 favere,
2023 3339 2198 3393 quam
2270 3321 2565 3392 justitiam
2637 3320 2749 3374 Dei

642 3401 683 3427 “
719 3401 978 3454 tenere.’'

715 3484 860 3540 Cum
921 3489 1116 3539 autem
1177 3484 1481 3542 Wilfridus
1543 3488 1788 3542 Romam
1843 3488 2117 3552 venisset,
2181 3506 2216 3543 a
2276 3505 2426 3558 papa
2474 3487 2514 3542 J
2515 3488 2746 3544 ohanne
2772 3494 3051 3572 Eadmerh

641 3577 952 3647 magnifice
996 3567 1365 3653 suscipitur,
1414 3575 1485 3635 et
1528 3592 1744 3635 coram
1803 3593 1977 3657 papa
2020 3594 2097 3637 ac
2140 3571 2368 3636 multis
2429 3572 2747 3658 episcopis
2773 3576 2883 3650 ⁰²1?-
2907 3561 3070 3651 xum.

644 3681 878 3718 causam
933 3682 1098 3719 suam
1158 3659 1482 3743 exposuit,
1547 3665 1617 3725 et
1683 3669 1854 3725 firma
1909 3669 2137 3724 ratione
2195 3669 2481 3740 probavit.
2579 3670 2747 3726 Unde
2779 3639 3000 3754 w¹tfndt

644 3746 968 3800 communis
999 3744 1208 3817 judicii
1254 3749 1560 3813 sententia,
1601 3750 1714 3804 viri
1753 3750 1863 3804 Dei
1914 3749 2251 3803 innocentia
2302 3748 2744 3820 comprobatur3
2774 3720 2977 3823 3¹:1¹:

642 3835 818 3900 atque
871 3829 1268 3884 accusantium
1317 3831 1481 3886 falsae
1517 3834 1825 3887 calumniae
1858 3832 2261 3903 reprobantur.
2336 3832 2374 3887 J
2377 3834 2503 3887 uvit
2550 3841 2751 3889 autem

644 3921 881 3964 causam
917 3921 1105 3964 suam
1141 3909 1319 3964 lectio
1355 3911 1565 3982 synodi
1600 3929 1766 3983 papae
1801 3912 2150 3983 Agathonis‚
2187 3929 2319 3984 quae
2357 3914 2650 3984 quondam
2686 3915 2751 3969 in

645 3990 738 4046 sui
774 3990 1098 4060 praesentia,
1139 4006 1273 4044 cum
1327 3988 1389 4043 in
1426 3990 1667 4045 consilio
1719 3991 2125 4064 episcoporum
2172 3993 2297 4065 ipse
2345 3993 2575 4050 medius
2610 3995 2752 4050 resi·

645 4073 830 4136 deret,
871 4076 1001 4127 acta
1055 4075 1162 4126 est.
1234 4071 1388 4127 Nam
1437 4091 1500 4128 re
1536 4074 1808 4144 exigente
1859 4075 2112 4147 synodus
2167 4077 2371 4131 eadem
2408 4095 2540 4132 cum
2585 4078 2754 4149 jussu

644 4168 812 4224 papae
859 4153 1176 4220 legeretur,
1230 4157 1474 4208 ventum
1531 4160 1624 4209 est
1673 4155 1747 4209 ad
1806 4146 1996 4211 illum
2054 4155 2267 4221 locum,
2318 4156 2421 4211 ubi
2471 4156 2755 4227 scriptum

644 4238 790 4294 erat,
846 4233 884 4257 “
907 4229 1234 4294 wilfridus,
1294 4232 1416 4286 Deo
1467 4233 1731 4290 amabilis
1789 4235 2090 4308 episcopus
2137 4238 2413 4294 Eboracae
2474 4239 2752 4305 civitatis,

649 4316 684 4341 ‘⁶
722 4311 1118 4382 Apostolicam
1144 4310 1352 4367 sedem
1386 4311 1461 4366 de
1498 4330 1606 4368 sua
1629 4331 1804 4369 causa
1838 4315 2157 4386 appellans,
2184 4321 2244 4370 et
2267 4317 2536 4372 caetera.'’
2589 4316 2756 4386 Quod

644 4402 748 4456 ubi
799 4400 1135 4477 perlectum
1186 4395 1303 4469 est,
1341 4405 1547 4471 stupor
1596 4400 1901 4456 audientes
1936 4404 2341 4474 apprehendit.
2414 4404 2495 4459 Et
2544 4405 2754 4462 silente

643 4480 865 4536 lectore
925 4485 1231 4551 coeperunt
1303 4478 1654 4533 alterutrum
1715 4481 2027 4550 requirere,
2093 4483 2221 4554 quis
2279 4484 2382 4538 ille
2454 4484 2757 4558 episcopus

645 4562 955 4618 Wilfridus
1009 4565 1179 4617 esset.
1253 4551 1440 4614 Tune
1490 4557 1829 4613 Bonifacius
1880 4577 2046 4631 papae
2097 4562 2488 4627 consiliariuS,
2543 4570 2604 4618 et
2650 4565 2754 4620 alii

644 4642 869 4713 plures,
913 4640 1017 4712 qui
1053 4658 1189 4696 eum
1223 4639 1510 4701 viderant,
1551 4636 1823 4692 dicebant
1857 4638 2055 4709 ipsum
2091 4657 2219 4696 esse
2256 4642 2611 4713 episcopum,
2652 4645 2756 4715 qui

645 4730 949 4780 accusatus
996 4742 1032 4780 a
1084 4724 1223 4789 suis,
1262 4727 1437 4792 atque
1491 4737 1526 4773 a
1581 4719 1719 4774 sede
1755 4720 2099 4793 Apostolica
2144 4723 2520 4796 judicandus,
2569 4746 2758 4800 nuper

645 4808 888 4865 advenit
940 4808 1184 4864 Roman.
1302 4805 1414 4875 Qui
1459 4803 1828 4876 jamdudum,
1886 4805 2182 4877 inquiunt,
2240 4826 2405 4881 aeque
2455 4818 2758 4869 accusatus
