3600 5800
1225 904 1317 955 ετ.
1365 903 1551 953 Jomt
1597 903 1685 952 OF
1731 901 2112 952 BEVERLEY.
2581 884 2709 948 515

605 1095 703 1147 tus
739 1094 831 1145 est
871 1090 946 1145 ab
982 1089 1186 1145 eodem
1223 1088 1453 1145 Comite
1493 1089 1713 1144 intrare
1756 1087 1832 1142 ad
1866 1104 2051 1143 unum
2099 1085 2172 1141 de
2207 1083 2404 1157 pueris
2439 1081 2569 1154 ejus
2607 1080 2711 1154 qui

605 1173 891 1229 acerrima
949 1171 1302 1245 aegritudine
1367 1171 1764 1244 premebatur,
1828 1170 1915 1226 ita
1970 1174 2042 1225 ut
2102 1168 2408 1224 deficiente
2476 1164 2709 1238 penitus

604 1253 767 1307 omni
815 1251 1211 1308 membrorum
1258 1251 1464 1319 offici0,
1506 1244 1780 1329 jamque
1827 1248 2152 1305 moriturus
2199 1264 2327 1303 esse
2375 1244 2674 1301 videretur
2684 1265 2702 1309 ς

601 1331 699 1386 cui
735 1331 917 1387 etiam
964 1332 1190 1388 loculus
1226 1330 1354 1403 jam
1398 1336 1542 1388 tunc
1590 1336 1718 1388 erat
1757 1334 2117 1402 praeparatus
2151 1327 2214 1381 in
2252 1343 2368 1397 quo
2402 1325 2708 1381 defunctus

601 1415 774 1470 condi
809 1415 1066 1472 deberet.
1153 1413 1402 1472 Addidit
1435 1420 1633 1472 autem
1666 1410 1761 1471 vir
1795 1413 1899 1468 ille
1930 1412 2285 1483 lachrymae,
2318 1409 2708 1480 precibusque

602 1496 920 1569 diligenter
954 1499 1262 1555 obsecrans
1297 1505 1365 1554 ut
1399 1498 1650 1555 intraret
1683 1502 1951 1556 oraturus
1985 1511 2092 1567 pro
2128 1493 2249 1558 ino,
2279 1492 2419 1563 quia
2452 1491 2709 1547 multum

602 1577 717 1634 sibi
753 1580 1082 1635 necessaria
1114 1575 1257 1636 erat
1289 1579 1415 1634 vita
1435 1579 1637 1649 ipsius.
1738 1567 2068 1636 credebat
2096 1591 2237 1629 vero
2262 1572 2401 1643 quia
2438 1570 2490 1627 si
2524 1571 2627 1626 ille
2652 1572 2709 1627 ei

600 1673 841 1712 manum
874 1658 1178 1729 imponere
1211 1663 1391 1729 atque
1415 1676 1549 1714 eum
1572 1658 1916 1715 benedicere
1940 1653 2240 1718 voluisset,
2268 1651 2468 1707 statim
2493 1651 2707 1707 melius

598 1747 862 1807 haberet.
934 1751 1188 1807 Intravit
1219 1767 1363 1822 ergo
1398 1741 1556 1810 illuc
1600 1752 1925 1823 episcopus,
1949 1755 2009 1805 et
2042 1737 2277 1802 videns
2311 1760 2446 1800 eum
2479 1742 2704 1798 maestis
2728 1742 2842 1794 The
2865 1758 2985 1795 cure

601 1840 871 1897 omnibus
899 1842 1026 1913 jam
1063 1843 1238 1899 morti
1273 1844 1623 1914 proximum,
1658 1842 2032 1927 positumque
2072 1839 2335 1895 loculum
2369 1839 2536 1909 juxta
2569 1852 2705 1890 eum
2728 1809 3009 1928 ἓὲῗὲᾱῗῃ

599 1920 665 1975 in
688 1938 803 1993 quo
827 1922 1190 1994 sepeliendus
1215 1923 1355 1995 poni
1379 1923 1614 1980 deberet
1634 1945 1650 1987 ;
1678 1922 1830 1977 dixit
1851 1917 2060 1999 igitur
2081 1921 2410 1978 orationem
2437 1936 2506 1975 ac
2528 1918 2701 1973 bene-

599 2008 750 2065 dixit
796 2027 950 2076 eum,
996 2017 1057 2067 et
1103 2003 1476 2090 regrediens
1525 2011 1673 2066 dixit
1711 2010 1887 2066 solito
1929 2007 2362 2065 consolantium
2412 2022 2699 2072 sermone,

604 2089 643 2115 ‘⁸
680 2089 841 2145 Bene
877 2090 1266 2158 convalescas,
1306 2096 1368 2147 et
1402 2090 1579 2148 cito.'’
1671 2089 1935 2161 Cumque
1970 2094 2104 2161 post
2137 2088 2263 2143 haec
2312 2086 2583 2143 sederent
2629 2084 2705 2142 ad

599 2189 880 2240 mensam,
917 2175 1080 2231 misit
1118 2194 1268 2248 puer
1314 2175 1390 2231 ad
1437 2175 1738 2230 dominum
1785 2191 1977 2240 suum,
2014 2190 2229 2245 rogans
2277 2170 2392 2228 sibi
2430 2171 2705 2243 poculum

598 2265 725 2321 vini
748 2267 1004 2334 mittere,
1033 2268 1171 2340 quia
1205 2268 1432 2323 siteret.
1502 2266 1750 2322 Gavisus
1786 2262 1888 2322 est
1922 2265 2024 2321 ille
2060 2265 2313 2320 multum
2343 2264 2483 2334 quia
2504 2262 2705 2319 bibere

600 2360 812 2424 posset,
864 2354 1029 2411 misit
1081 2356 1326 2411 calicem
1375 2354 1501 2410 vini
1553 2353 1926 2410 benedictum
1986 2354 2061 2408 ab
2110 2352 2398 2424 episcopo.
2511 2345 2705 2425 Quod

597 2444 667 2496 ut
723 2440 893 2509 bibit,
946 2443 1197 2499 surrexit
1253 2434 1581 2513 continuo,
1637 2447 1699 2498 et
1750 2439 2042 2499 veternae
2092 2432 2259 2519 jugo
2340 2441 2703 2500 infirmitatis

599 2519 879 2588 discusso,
919 2521 1113 2577 induit
1148 2539 1210 2578 se
1247 2524 1372 2595 ipse
1406 2523 1776 2579 vestimentis
1815 2523 1974 2588 suis3
2026 2525 2087 2576 et
2122 2538 2394 2592 egressus
2441 2521 2579 2577 inde
2614 2522 2703 2578 in-

598 2605 782 2659 travit
829 2621 897 2659 ac
948 2604 1228 2661 salutavit
1279 2606 1618 2679 episcopum
1673 2612 1734 2663 et
1779 2605 2070 2672 convivas,
2118 2605 2336 2671 dicens,
2375 2605 2529 2677 quod
2574 2605 2702 2678 ipse

598 2699 831 2755 quoque
867 2674 1225 2742 delectaret
1259 2685 1612 2742 manducare
1659 2691 1722 2742 et
1760 2685 1963 2742 bibere
2011 2702 2146 2742 cum
2184 2685 2287 2740 eis.
2386 2685 2426 2740 J
2428 2693 2705 2744 usserunt

599 2778 735 2817 eum
784 2763 983 2821 sedere
1032 2783 1228 2821 secum
1276 2765 1351 2821 ad
1386 2766 1606 2838 epulas,
1643 2766 1899 2823 multum
1946 2766 2268 2838 gaudentes
2314 2765 2385 2821 de
2422 2767 2702 2838 sospitate

598 2845 779 2905 illius.

670 2932 1004 3002 Residebat,
1031 2936 1395 3003 vescebatur,
1437 2936 1698 3003 bibebat,
1737 2936 2068 3002 laetabatur,
2107 2936 2271 3009 quasi
2307 2954 2458 2992 unus
2507 2954 2538 2991 e
2575 2953 2707 2993 con·

597 3015 752 3073 vivis
788 3017 1029 3089 agebat;
1070 3025 1130 3074 et
1165 3020 1370 3075 multis
1405 3024 1539 3091 post
1570 3020 1700 3075 haec
1735 3020 1905 3075 annis
1940 3020 2164 3083 vivens,
2191 3019 2254 3073 in
2291 3019 2493 3075 eadem
2531 3037 2706 3090 quam

598 3106 902 3171 acceperat
940 3102 1128 3157 salute
1163 3102 1501 3174 permansit.
1577 3103 1706 3158 Hoc
1730 3108 1930 3159 autem
1964 3101 2316 3156 miraculum
2352 3108 2707 3158 memoratus

599 3180 775 3237 abbas
812 3200 929 3239 non
966 3201 1030 3240 se
1067 3189 1355 3256 praesente
1390 3185 1634 3253 factum,
1668 3185 1770 3240 sed
1808 3184 1880 3240 ab
1915 3183 2008 3239 his
2050 3183 2150 3254 qui
2186 3190 2504 3256 praesentes
2540 3185 2705 3241 fuere

597 3264 711 3319 sibi
745 3267 1018 3337 perhibet
1053 3284 1173 3324 esse
1209 3268 1475 3325 relatum.

1401 3560 1685 3646 [LEc'rlo
1731 3559 1914 3646 VII.]

667 3735 875 3807 Neque
933 3739 1047 3795 hoc
1106 3738 1580 3810 praetereundum
1636 3738 1891 3805 silentio,
1953 3739 2108 3811 quod
2166 3742 2422 3798 famulus
2483 3742 2704 3803 Christi
2723 3751 2884 3816 Beda,
2902 3768 2956 3809 v.
2983 3758 3031 3805 6.

597 3807 888 3874 Herebal
931 3818 997 3873 in
1032 3818 1222 3889 seipso
1256 3816 1331 3872 ab
1367 3835 1435 3872 eo
1472 3819 1693 3874 factum
1729 3817 1880 3875 solet
1914 3836 2154 3876 narrare
2189 3822 2560 3890 miraculum,
2598 3826 2701 3896 qui

593 3901 736 3953 tunc
773 3898 1010 3969 quidem
1044 3897 1109 3951 in
1144 3896 1300 3951 clero
1339 3896 1501 3952 illius
1535 3902 1930 3963 conversatus,
1968 3917 2125 3955 nunc
2157 3901 2508 3956 monasterio
2547 3904 2701 3973 quod

598 3983 688 4032 est
704 3978 875 4049 juxta
897 3977 1111 4032 ostium
1135 3967 1321 4033 Tinae
1351 3975 1630 4043 fluminis,
1654 3977 1882 4033 abbatis
1908 3978 2044 4049 jure
2069 3986 2300 4052 praeest.
2379 3983 2416 4008 ‘⁸
2435 3981 2698 4048 Vitam,'’

594 4055 808 4128 inquit,
847 4059 885 4084 “
913 4056 1098 4124 illius,
1136 4062 1425 4128 quantum
1459 4056 1800 4113 hominibus
1835 4056 1926 4113 fas
1964 4063 2058 4115 est
2090 4061 2402 4126 aestimare,
2440 4078 2699 4132 praesens

597 4137 635 4163 “
673 4137 892 4208 optime
939 4137 1208 4208 cognovi,
1254 4133 1324 4194 et
1356 4153 1461 4207 per
1496 4136 1692 4193 omnia
1724 4127 1888 4194 Deo¹
1936 4136 2177 4209 dignam
2236 4157 2364 4196 esse
2419 4143 2696 4212 comperi.

597 4216 637 4244 “
676 4215 794 4271 Sed
836 4221 895 4271 et
928 4217 1097 4288 cujus
1130 4217 1328 4274 meriti
1379 4215 1536 4289 apud
1578 4216 1880 4273 internum
1894 4215 1917 4249 ⁹
1963 4221 2177 4274 testem
2225 4218 2464 4275 habitus
2500 4220 2599 4286 sit,
2639 4226 2701 4276 et

595 4302 636 4329 ‘⁶
674 4298 740 4353 in
774 4299 980 4355 multis
1014 4298 1167 4367 aliis,
1205 4304 1267 4355 et
1300 4300 1365 4355 in
1400 4317 1495 4355 me
1530 4299 1660 4373 ipso
1693 4301 1945 4358 maxime
1981 4306 2250 4372 expertus
2298 4319 2467 4370 sum3
2521 4320 2698 4375 quem

531 4452 535 4455 Α
598 4385 638 4414 “
676 4384 889 4456 quippe
936 4382 1010 4439 ab
1055 4383 1206 4456 ipso,
1255 4389 1325 4441 ut
1370 4384 1456 4440 ita
1504 4383 1715 4451 dicam,
1768 4387 1978 4443 mortis
2027 4385 2220 4441 limite
2273 4402 2572 4452 revocans,
2622 4386 2701 4443 ad

596 4470 635 4500 ‘⁴
673 4469 832 4527 viam
869 4485 975 4525 sua
1007 4468 1148 4524 vitae
1184 4468 1446 4525 oratione
1482 4484 1549 4523 ac
1584 4467 1989 4526 benedictione
2023 4468 2271 4525 reduxit.
2372 4469 2528 4525 Nam
2563 4487 2697 4529 cum

1141 4737 1153 4771 ¹
1193 4737 1338 4805 Deo]
1364 4737 1622 4805 episcope,
1642 4739 1800 4790 Beda.

1139 4819 1162 4856 ²
1196 4818 1471 4886 internum]
1500 4819 1674 4882 Βεᾶας
1708 4818 1763 4872 in
1787 4825 2050 4886 aeternum,
2069 4819 2189 4874 MS.
2210 4907 2259 4958 Κ
2291 4908 2342 4960 K
2392 4897 2432 4961 2
