3600 5800
856 834 991 898 304
1608 802 1771 895 mk
1817 845 2177 911 mamm

851 1025 1293 1102 Beverlacum‚
1368 1025 1615 1111 plantae
1691 1025 1937 1112 pedum
2004 1026 2230 1112 ipsius,
2299 1025 2618 1112 pellisque
2685 1026 2961 1093 interior

849 1127 1059 1192 acutis
1103 1126 1409 1194 calcaniis
1468 1127 1900 1213 frutectisque
1960 1127 2412 1215 pungentibus
2471 1129 2570 1195 ita
2612 1131 2957 1198 terebratae

848 1235 1020 1307 sunt,
1068 1230 1255 1317 quasi
1298 1230 1541 1297 aculeis
1588 1230 1816 1295 ferreis
1860 1230 2143 1295 nimium
2189 1239 2799 1319 compungerentur.

937 1329 983 1395 J
982 1351 1091 1396 am
1134 1352 1291 1396 vero
1335 1330 1716 1417 crepusculo
1776 1330 2124 1396 insistente
2192 1332 2756 1419 appropinquavit
2821 1356 2957 1400 mo-

846 1433 1150 1511 nasterie,
1194 1434 1587 1520 aspexitque
1648 1453 1882 1511 6666111,
1930 1453 2128 1518 quam
2189 1433 2488 1513 intravit,
2538 1441 2617 1500 ut
2677 1458 2746 1501 se
2794 1437 2960 1502 cale·

847 1533 1122 1614 faceret3
1185 1534 1368 1620 algor
1412 1535 1656 1620 quippe
1720 1534 1968 1597 nimius
2029 1555 2182 1598 eum
2241 1542 2727 1621 compresserat,
2786 1538 2962 1623 quod

509 1638 588 1689 At
609 1639 735 1705 day·
847 1636 968 1699 vix
1010 1636 1313 1722 progredi
1359 1640 1634 1721 poterat.
1749 1634 2181 1701 Refocillatus
2225 1657 2382 1702 vero
2442 1658 2561 1723 per
2604 1639 2842 1724 ignem,
2892 1643 2961 1703 et

404 1744 411 1753 .
510 1706 669 1756 break
690 1707 756 1756 he

512 1774 722 1823 reaches
847 1737 1057 1803 calore
1102 1738 1387 1823 corporis
1446 1743 1724 1824 recepte,
1770 1738 2002 1802 statim
2060 1739 2537 1804 monasterium
2591 1740 2779 1817 adiit,
2815 1740 2958 1826 jam

502 1837 599 1897 „the
615 1838 824 1890 minster
847 1838 955 1902 die
1029 1824 1482 1917 illucescente3
1554 1843 1945 1925 apertasque
2006 1839 2236 1905 valvas
2309 1839 2596 1906 basilicae
2656 1840 2958 1926 praedicti
3072 1871 3077 1875 ’
3145 1832 3156 1847 ’

510 1906 742 2023 aasz?
847 1941 1227 2008 wnfessoris
1270 1941 1557 2028 reperim
1624 1940 2008 2007 custodibus
2069 1941 2355 2008 ecclesiae
2391 1942 2533 2029 jam
2581 1943 2957 2029 evigilanti-

847 2045 987 2122 bus,
1034 2050 1103 2109 et
1146 2043 1707 2130 interrogantibus
1737 2044 2042 2129 quisnam
2085 2050 2270 2122 esset,
2303 2044 2414 2110 vel
2459 2066 2594 2131 qua
2637 2046 2718 2110 de
2764 2067 2962 2112 causa

845 2147 1004 2214 illuc
1047 2146 1444 2234 confugerat.
1554 2145 1931 2232 Statimque
1992 2147 2301 2233 exposuit
2346 2148 2441 2213 eis
2486 2148 2782 2214 ordinem
2843 2149 2957 2226 rei,

846 2252 915 2312 et
959 2247 1242 2332 qualiter
1285 2247 1532 2313 Beatus
1592 2246 1640 2311 J
1641 2247 1932 2313 ohannes
1993 2269 2145 2312 eum
2207 2246 2287 2312 de
2333 2269 2587 2314 carcere
2632 2248 2956 2325 eduxerit,

844 2350 1252 2437 liberumque
1319 2350 1407 2416 ad
1475 2372 1667 2414 sumn
1727 2336 2198 2415 monasterium
2258 2350 2608 2437 confugere
2666 2351 2956 2437 jusserit.

508 2456 622 2534 'ljhe
642 2457 789 2508 other
844 2450 1031 2518 Tunc
1093 2456 1161 2515 et
1228 2450 1528 2527 annulus,
1585 2450 1702 2535 qui
1768 2450 2078 2528 restabat,
2146 2470 2191 2515 a
2254 2449 2427 2515 tibia
2491 2451 2756 2528 decidit,
2825 2450 2956 2514 illis

508 2523 763 2640 frnglgnfgligs
843 2553 1260 2620 cernentibus
1323 2558 1392 2617 et
1453 2552 1739 2617 multum
1801 2551 2294 2638 gratulantibus
2342 2553 2422 2617 de
2485 2552 2607 2618 tali
2670 2558 2957 2632 eventu3

510 2655 608 2719 ¹⁶8·
664 2714 669 2719 .
843 2661 1411 2741 monstratumque
1455 2661 1557 2720 est
1601 2655 1779 2721 omni
1825 2653 2069 2740 populo
2115 2659 2185 2719 et
2237 2653 2408 2720 clero
2452 2654 2535 2719 de
2578 2661 2956 2740 perpetrato

843 2756 1196 2845 miraculo3
1259 2756 1374 2841 qui
1441 2775 1664 2820 omnes
1727 2754 1800 2817 in
1853 2753 2116 2818 laudem
2180 2753 2308 2817 Dei
2371 2759 2829 2839 proruperunt,
2885 2760 2955 2819 et

843 2857 1169 2944 hymnum
1212 2855 1582 2944 psallebant
1610 2852 1913 2932 Domino,
1955 2853 2087 2935 Qui
2131 2852 2294 2921 facit
2336 2853 2666 2920 mirabilia
2710 2875 2953 2941 magna

842 2983 961 3048 per
1004 2983 1267 3028 servum
1327 2957 1538 3024 Suum
1605 2958 1652 3023 J
1654 2956 1996 3035 ohannem,
2042 2978 2216 3042 saepe
2277 2955 2709 3022 clarificatum
2753 2958 2951 3023 mira-

507 3080 592 3132 He
613 3080 764 3132 offers
843 3062 1024 3129 culis.
1133 3061 1465 3129 Continuo
1510 3058 1797 3137 clericus,
1843 3057 1960 3144 qui
2021 3057 2326 3145 captivus
2369 3057 2603 3135 fuerat,
2644 3058 2789 3144 jam
2834 3078 2953 3145 per

506 3148 596 3198 *¹¹⁰
618 3148 788 3198 feners
843 3166 1112 3232 beatum
1176 3163 1602 3231 confessorem
1665 3161 2000 3237 liberatus,
2061 3159 2308 3225 obtulit
2369 3160 2648 3225 annulos
2709 3159 2952 3225 ferreos

506 3214 669 3332 :ltili-f,
842 3269 930 3334 ad
973 3267 1220 3334 altare:
1266 3266 1382 3352 qui
1426 3264 1727 3350 suspensi
1770 3268 1931 3328 sunt
1974 3262 2086 3341 ibi,
2126 3268 2202 3328 et
2238 3261 2436 3327 multi
2482 3262 2711 3329 circuli
2739 3262 2950 3341 ferrei,

843 3392 1097 3437 necnon
1141 3373 1211 3435 et
1268 3368 1611 3454 compedes
1670 3366 2182 3452 suspenduntur,
2228 3365 2476 3432 scilicet
2535 3366 2623 3431 ab
2674 3371 2955 3451 utroque

506 3486 718 3546 mareu,
731 3484 818 3535 the
844 3473 1046 3538 latere
1121 3472 1403 3558 sepulcri
1468 3470 1600 3534 viri
1660 3468 1789 3534 Dei
1856 3468 1904 3533 J
1904 3468 2198 3534 ohannis.
2308 3467 2599 3534 Sacrista
2658 3468 2952 3554 ejusdem

507 3553 760 3668 {3⁶3}oe
843 3575 1127 3640 ecclesiae
1170 3580 1334 3639 tunc
1377 3563 1713 3657 temporis'
1735 3571 1869 3640 fuit
1917 3569 2321 3648 Alveredus‚¹
2366 3570 2556 3636 bonae
2602 3572 2951 3648 memoriae,

506 3683 712 3734 bruised
841 3698 1058 3754 6611611,
1119 3675 1554 3743 ecclesiastica
1628 3671 2052 3738 institutione
2113 3693 2332 3759 sagax
2436 3672 2569 3738 Hic
2643 3673 2951 3739 misertus

506 3748 795 3866 ἓξὲξ-’ἒξ
842 3779 1237 3847 calamitatis
1311 3776 1491 3843 illius
1557 3774 1793 3854 clerici,
1868 3775 2103 3840 videns
2169 3774 2434 3861 plantas
2502 3775 2747 3860 pedum
2809 3775 2951 3860 ejus

504 3881 752 3959 fpmenta-
842 3880 1123 3945 nimium
1167 3878 1368 3944 fuisse
1413 3877 1731 3944 contritas
1793 3896 1872 3941 ac
1937 3875 2245 3952 tumidas,
2293 3874 2607 3940 adhibuit
2659 3875 2954 3940 fomenta

506 3955 656 4001 ‘¹⁰⁰⁸’
842 3982 1308 4059 medicaminis,
1355 3978 1752 4067 pedulesque
1796 3976 1900 4041 illi
1952 3977 2098 4044 dari
2148 3977 2370 4064 jussit,
2414 3999 2499 4043 ne
2542 3998 2587 4043 a
2628 3977 2952 4064 superiori

841 4087 1279 4154 calceamento
1320 4083 1520 4170 pedes
1569 4081 2002 4160 laederemus-3
2066 4080 2307 4165 quibus
2352 4101 2514 4145 usus
2557 4087 2675 4159 est,
2722 4101 2952 4166 quam-

841 4190 961 4255 diu
1003 4189 1078 4254 in
1135 4185 1405 4255 ecclesia
1466 4183 1726 4260 mansit,
1771 4204 1980 4268 usque
2034 4181 2194 4246 dum
2255 4181 2591 4248 industria
2651 4182 2808 4250 cleri
2853 4204 2953 4248 re-

842 4292 1120 4357 stitutus
1165 4292 1267 4355 est
1310 4286 1460 4353 suis,
1570 4284 1737 4350 Haec
1779 4283 1948 4348 mihi
1991 4282 2378 4362 retulerunt,
2427 4283 2543 4371 qui
2605 4289 2676 4351 et
2728 4284 2949 4372 ipsum

841 4392 1170 4469 viderunt,
1218 4395 1286 4455 et
1328 4388 1473 4455 haec
1515 4388 1601 4454 ab
1660 4387 1802 4473 ipso
1846 4384 2072 4451 referri
2118 4405 2268 4452 cum
2304 4384 2687 4471 juramento
2732 4408 2948 4454 coram

841 4494 1072 4559 multis
1115 4489 1548 4582 praesentibus
1591 4488 1967 4574 frequenter
2009 4485 2381 4553 audierunt.

852 4645 948 4652 m.

1430 4711 1445 4745 ¹
1480 4713 1563 4765 No
1585 4713 1742 4764 doubt
1765 4711 1965 4763 Alured
1984 4712 2071 4764 the
2091 4708 2353 4763 historiari.
