<?xml version="1.0" encoding="UTF-8"?>
<!DOCTYPE html PUBLIC "-//W3C//DTD XHTML 1.0 Transitional//EN"
    "http://www.w3.org/TR/xhtml1/DTD/xhtml1-transitional.dtd">
<html xmlns="http://www.w3.org/1999/xhtml" xml:lang="en" lang="en">
 <head>
  <title>
</title>
<meta http-equiv="Content-Type" content="text/html;charset=utf-8" />
  <meta name='ocr-system' content='tesseract 3.04.00' />
  <meta name='ocr-capabilities' content='ocr_page ocr_carea ocr_par ocr_line ocrx_word'/>
</head>
<body>
  <div class='ocr_page' id='page_1' title='image "./historianschurc01raingoog_0559.png"; bbox 0 0 3600 5800; ppageno 0'>
   <div class='ocr_carea' id='block_1_1' title="bbox 1275 865 2697 939">
    <p class='ocr_par' dir='ltr' id='par_1_1' title="bbox 1275 865 2697 939">
     <span class='ocr_line' id='line_1_1' title="bbox 1275 865 2697 939; baseline -0.006 -2"><span class='ocrx_word' id='word_1_1' title='bbox 1275 886 1599 939; x_wconf 70' lang='lat' dir='ltr'><strong>moroan</strong></span> <span class='ocrx_word' id='word_1_2' title='bbox 1643 884 2003 937; x_wconf 66' lang='lat' dir='ltr'><strong>mommo.</strong></span> <span class='ocrx_word' id='word_1_3' title='bbox 2566 865 2697 930; x_wconf 82' lang='lat'><strong>463</strong></span> 
     </span>
    </p>
   </div>
   <div class='ocr_carea' id='block_1_2' title="bbox 592 1067 2710 1569">
    <p class='ocr_par' dir='ltr' id='par_1_2' title="bbox 592 1067 2710 1569">
     <span class='ocr_line' id='line_1_2' title="bbox 592 1067 2703 1160; baseline -0.006 -20"><span class='ocrx_word' id='word_1_4' title='bbox 592 1072 876 1160; x_wconf 84' lang='lat' dir='ltr'><strong>largitur</strong></span> <span class='ocrx_word' id='word_1_5' title='bbox 917 1069 1217 1139; x_wconf 88' lang='lat' dir='ltr'><strong>contulit.</strong></span> <span class='ocrx_word' id='word_1_6' title='bbox 1308 1069 1496 1136; x_wconf 89' lang='lat' dir='ltr'><strong>Inter</strong></span> <span class='ocrx_word' id='word_1_7' title='bbox 1540 1074 1781 1137; x_wconf 86' lang='lat' dir='ltr'><strong>caetera</strong></span> <span class='ocrx_word' id='word_1_8' title='bbox 1839 1067 2192 1155; x_wconf 85' lang='lat' dir='ltr'><strong>magnifica</strong></span> <span class='ocrx_word' id='word_1_9' title='bbox 2232 1085 2512 1132; x_wconf 90' lang='lat' dir='ltr'><strong>munera</strong></span> <span class='ocrx_word' id='word_1_10' title='bbox 2553 1083 2703 1150; x_wconf 86' lang='lat' dir='ltr'><strong>quae</strong></span> 
     </span>
     <span class='ocr_line' id='line_1_3' title="bbox 594 1166 2707 1259; baseline -0.004 -20"><span class='ocrx_word' id='word_1_11' title='bbox 594 1174 844 1240; x_wconf 79' lang='lat' dir='ltr'><strong>ibidem</strong></span> <span class='ocrx_word' id='word_1_12' title='bbox 925 1171 1228 1259; x_wconf 76' lang='lat' dir='ltr'><strong>dempsit,</strong></span> <span class='ocrx_word' id='word_1_13' title='bbox 1305 1170 1493 1237; x_wconf 91' lang='lat' dir='ltr'><strong>dedit</strong></span> <span class='ocrx_word' id='word_1_14' title='bbox 1564 1171 1924 1257; x_wconf 86' lang='lat' dir='ltr'><strong>gloriosum</strong></span> <span class='ocrx_word' id='word_1_15' title='bbox 1986 1169 2381 1248; x_wconf 86' lang='lat' dir='ltr'><strong>Pandecten,</strong></span> <span class='ocrx_word' id='word_1_16' title='bbox 2455 1166 2529 1232; x_wconf 90' lang='lat' dir='ltr'><strong>id</strong></span> <span class='ocrx_word' id='word_1_17' title='bbox 2603 1167 2707 1232; x_wconf 88' lang='lat' dir='ltr'><strong>est</strong></span> 
     </span>
     <span class='ocr_line' id='line_1_4' title="bbox 595 1266 2708 1361; baseline -0.004 -21"><span class='ocrx_word' id='word_1_18' title='bbox 595 1275 1065 1343; x_wconf 68' lang='lat' dir='ltr'><strong>bibliothecam</strong></span> <span class='ocrx_word' id='word_1_19' title='bbox 1161 1273 1509 1361; x_wconf 79' lang='lat' dir='ltr'><strong>egregiam,</strong></span> <span class='ocrx_word' id='word_1_20' title='bbox 1585 1272 1660 1338; x_wconf 88' lang='lat' dir='ltr'><strong>in</strong></span> <span class='ocrx_word' id='word_1_21' title='bbox 1734 1293 1870 1358; x_wconf 87' lang='lat' dir='ltr'><strong>qua</strong></span> <span class='ocrx_word' id='word_1_22' title='bbox 1941 1271 2300 1358; x_wconf 77' lang='lat' dir='ltr'><strong>conscripti</strong></span> <span class='ocrx_word' id='word_1_23' title='bbox 2374 1271 2535 1335; x_wconf 89' lang='lat' dir='ltr'><strong>sunt</strong></span> <span class='ocrx_word' id='word_1_24' title='bbox 2607 1266 2708 1332; x_wconf 91' lang='lat' dir='ltr'><strong>hii</strong></span> 
     </span>
     <span class='ocr_line' id='line_1_5' title="bbox 598 1370 2710 1465; baseline -0.003 -22"><span class='ocrx_word' id='word_1_25' title='bbox 598 1377 859 1465; x_wconf 79' lang='lat' dir='ltr'><strong>egregii.</strong></span> <span class='ocrx_word' id='word_1_26' title='bbox 943 1375 1110 1444; x_wconf 72' lang='lat' dir='ltr'><strong>Haec</strong></span> <span class='ocrx_word' id='word_1_27' title='bbox 1153 1397 1304 1462; x_wconf 84' lang='lat' dir='ltr'><strong>quae</strong></span> <span class='ocrx_word' id='word_1_28' title='bbox 1348 1378 1717 1463; x_wconf 87' lang='lat' dir='ltr'><strong>sequuntur</strong></span> <span class='ocrx_word' id='word_1_29' title='bbox 1759 1374 2043 1443; x_wconf 87' lang='lat' dir='ltr'><strong>Abbono</strong></span> <span class='ocrx_word' id='word_1_30' title='bbox 2104 1373 2403 1444; x_wconf 75' lang='lat' dir='ltr'><strong>dictante</strong></span> <span class='ocrx_word' id='word_1_31' title='bbox 2448 1370 2531 1438; x_wconf 91' lang='lat' dir='ltr'><strong>de</strong></span> <span class='ocrx_word' id='word_1_32' title='bbox 2576 1390 2710 1456; x_wconf 93' lang='lat' dir='ltr'><strong>quo</strong></span> 
     </span>
     <span class='ocr_line' id='line_1_6' title="bbox 599 1477 1247 1569; baseline 0.003 -23"><span class='ocrx_word' id='word_1_33' title='bbox 599 1501 801 1569; x_wconf 86' lang='lat' dir='ltr'><strong>supra</strong></span> <span class='ocrx_word' id='word_1_34' title='bbox 842 1477 1247 1549; x_wconf 58' lang='lat' dir='ltr'><strong>retulimus}</strong></span> 
     </span>
    </p>
   </div>
   <div class='ocr_carea' id='block_1_3' title="bbox 1409 1705 1813 1793">
    <p class='ocr_par' dir='ltr' id='par_1_3' title="bbox 1409 1705 1813 1793">
     <span class='ocr_line' id='line_1_7' title="bbox 1409 1705 1813 1793; baseline 0.002 -21"><span class='ocrx_word' id='word_1_35' title='bbox 1409 1705 1620 1793; x_wconf 74' lang='lat' dir='ltr'><strong>[PARS</strong></span> <span class='ocrx_word' id='word_1_36' title='bbox 1666 1705 1813 1791; x_wconf 81' lang='lat' dir='ltr'><strong>VL]</strong></span> 
     </span>
    </p>
   </div>
   <div class='ocr_carea' id='block_1_4' title="bbox 601 1861 3046 2768">
    <p class='ocr_par' dir='ltr' id='par_1_4' title="bbox 601 1861 3046 2768">
     <span class='ocr_line' id='line_1_8' title="bbox 696 1861 2716 1951; baseline 0 -21"><span class='ocrx_word' id='word_1_37' title='bbox 696 1862 868 1930; x_wconf 82' lang='lat' dir='ltr'><strong>Oum</strong></span> <span class='ocrx_word' id='word_1_38' title='bbox 929 1863 1156 1951; x_wconf 83' lang='lat' dir='ltr'><strong>itaque</strong></span> <span class='ocrx_word' id='word_1_39' title='bbox 1221 1861 1634 1928; x_wconf 75' lang='lat' dir='ltr'><strong>multimodae</strong></span> <span class='ocrx_word' id='word_1_40' title='bbox 1696 1861 1971 1948; x_wconf 87' lang='lat' dir='ltr'><strong>pietatis</strong></span> <span class='ocrx_word' id='word_1_41' title='bbox 2037 1882 2298 1930; x_wconf 90' lang='lat' dir='ltr'><strong>summa</strong></span> <span class='ocrx_word' id='word_1_42' title='bbox 2360 1861 2716 1931; x_wconf 86' lang='lat' dir='ltr'><strong>clementia</strong></span> 
     </span>
     <span class='ocr_line' id='line_1_9' title="bbox 606 1963 2713 2033; baseline -0 -1"><span class='ocrx_word' id='word_1_43' title='bbox 606 1965 808 2032; x_wconf 87' lang='lat' dir='ltr'><strong>Ihesu</strong></span> <span class='ocrx_word' id='word_1_44' title='bbox 870 1965 1122 2033; x_wconf 83' lang='lat' dir='ltr'><strong>Christi</strong></span> <span class='ocrx_word' id='word_1_45' title='bbox 1189 1964 1612 2033; x_wconf 80' lang='lat' dir='ltr'><strong>devotionem</strong></span> <span class='ocrx_word' id='word_1_46' title='bbox 1679 1964 1802 2032; x_wconf 83' lang='lat' dir='ltr'><strong>Sui</strong></span> <span class='ocrx_word' id='word_1_47' title='bbox 1870 1963 2318 2032; x_wconf 81' lang='lat' dir='ltr'><strong>honestissimi</strong></span> <span class='ocrx_word' id='word_1_48' title='bbox 2380 1964 2616 2033; x_wconf 86' lang='lat' dir='ltr'><strong>famuli</strong></span> <span class='ocrx_word' id='word_1_49' title='bbox 2676 1986 2713 2031; x_wconf 90' lang='lat' dir='ltr'><strong>e</strong></span> 
     </span>
     <span class='ocr_line' id='line_1_10' title="bbox 601 2065 2709 2154; baseline -0.001 -20"><span class='ocrx_word' id='word_1_50' title='bbox 601 2068 855 2154; x_wconf 89' lang='lat' dir='ltr'><strong>superis</strong></span> <span class='ocrx_word' id='word_1_51' title='bbox 899 2067 1188 2133; x_wconf 87' lang='lat' dir='ltr'><strong>intuitus</strong></span> <span class='ocrx_word' id='word_1_52' title='bbox 1217 2073 1389 2133; x_wconf 89' lang='lat' dir='ltr'><strong>esset</strong></span> <span class='ocrx_word' id='word_1_53' title='bbox 1432 2066 1715 2145; x_wconf 86' lang='lat' dir='ltr'><strong>sedibus,</strong></span> <span class='ocrx_word' id='word_1_54' title='bbox 1746 2067 2070 2134; x_wconf 84' lang='lat' dir='ltr'><strong>concessit</strong></span> <span class='ocrx_word' id='word_1_55' title='bbox 2114 2065 2177 2133; x_wconf 92' lang='lat' dir='ltr'><strong>ei</strong></span> <span class='ocrx_word' id='word_1_56' title='bbox 2208 2071 2278 2133; x_wconf 91' lang='lat' dir='ltr'><strong>et</strong></span> <span class='ocrx_word' id='word_1_57' title='bbox 2321 2066 2709 2134; x_wconf 78' lang='lat' dir='ltr'><strong>facultatem</strong></span> 
     </span>
     <span class='ocr_line' id='line_1_11' title="bbox 606 2168 2712 2257; baseline 0 -23"><span class='ocrx_word' id='word_1_58' title='bbox 606 2169 1061 2257; x_wconf 86' lang='lat' dir='ltr'><strong>prosperitatis</strong></span> <span class='ocrx_word' id='word_1_59' title='bbox 1091 2174 1163 2235; x_wconf 89' lang='lat' dir='ltr'><strong>et</strong></span> <span class='ocrx_word' id='word_1_60' title='bbox 1204 2169 1708 2256; x_wconf 82' lang='lat' dir='ltr'><strong>prosperitatem</strong></span> <span class='ocrx_word' id='word_1_61' title='bbox 1737 2168 2122 2256; x_wconf 87' lang='lat' dir='ltr'><strong>perficiendi</strong></span> <span class='ocrx_word' id='word_1_62' title='bbox 2153 2168 2332 2255; x_wconf 86' lang='lat' dir='ltr'><strong>quod</strong></span> <span class='ocrx_word' id='word_1_63' title='bbox 2358 2169 2712 2255; x_wconf 83' lang='lat' dir='ltr'><strong>inceperat,</strong></span> 
     </span>
     <span class='ocr_line' id='line_1_12' title="bbox 608 2269 3046 2359; baseline 0 -21"><span class='ocrx_word' id='word_1_64' title='bbox 608 2272 782 2338; x_wconf 85' lang='lat' dir='ltr'><strong>sicut</strong></span> <span class='ocrx_word' id='word_1_65' title='bbox 843 2270 1357 2359; x_wconf 67' lang='lat' dir='ltr'><strong>Psalmigrapho„</strong></span> <span class='ocrx_word' id='word_1_66' title='bbox 1434 2270 1867 2339; x_wconf 81' lang='lat' dir='ltr'><strong>Volwntatem</strong></span> <span class='ocrx_word' id='word_1_67' title='bbox 1923 2292 1989 2338; x_wconf 80' lang='lat' dir='ltr'><strong>se</strong></span> <span class='ocrx_word' id='word_1_68' title='bbox 2049 2269 2445 2338; x_wconf 62' lang='lat' dir='ltr'><strong>timentium</strong></span> <span class='ocrx_word' id='word_1_69' title='bbox 2503 2269 2716 2357; x_wconf 69' lang='lat' dir='ltr'><strong>faciet</strong></span> <span class='ocrx_word' id='word_1_70' title='bbox 2739 2279 2875 2330; x_wconf 72' lang='lat' dir='ltr'><strong>Psal-</strong></span> <span class='ocrx_word' id='word_1_71' title='bbox 2892 2276 3046 2332; x_wconf 76' lang='lat' dir='ltr'><strong>cxliv·</strong></span> 
     </span>
     <span class='ocr_line' id='line_1_13' title="bbox 609 2351 2821 2457; baseline 0 -20"><span class='ocrx_word' id='word_1_72' title='bbox 609 2363 965 2441; x_wconf 44' lang='lat' dir='ltr'><strong>Dominus.</strong></span> <span class='ocrx_word' id='word_1_73' title='bbox 1074 2371 1430 2438; x_wconf 88' lang='lat' dir='ltr'><strong>Arridente</strong></span> <span class='ocrx_word' id='word_1_74' title='bbox 1474 2372 1746 2438; x_wconf 88' lang='lat' dir='ltr'><strong>fortuna</strong></span> <span class='ocrx_word' id='word_1_75' title='bbox 1818 2370 1996 2439; x_wconf 85' lang='lat' dir='ltr'><strong>felici</strong></span> <span class='ocrx_word' id='word_1_76' title='bbox 2062 2372 2342 2439; x_wconf 85' lang='lat' dir='ltr'><strong>advenit</strong></span> <span class='ocrx_word' id='word_1_77' title='bbox 2402 2371 2716 2457; x_wconf 87' lang='lat' dir='ltr'><strong>optabilis</strong></span> <span class='ocrx_word' id='word_1_78' title='bbox 2743 2351 2821 2398; x_wconf 82' lang='lat'><strong>¹⁹·</strong></span> 
     </span>
     <span class='ocr_line' id='line_1_14' title="bbox 611 2473 2720 2561; baseline 0.001 -21"><span class='ocrx_word' id='word_1_79' title='bbox 611 2474 911 2561; x_wconf 90' lang='lat' dir='ltr'><strong>utrisque</strong></span> <span class='ocrx_word' id='word_1_80' title='bbox 979 2473 1139 2554; x_wconf 90' lang='lat' dir='ltr'><strong>dies,</strong></span> <span class='ocrx_word' id='word_1_81' title='bbox 1205 2474 1323 2560; x_wconf 90' lang='lat' dir='ltr'><strong>qui</strong></span> <span class='ocrx_word' id='word_1_82' title='bbox 1386 2479 1489 2540; x_wconf 88' lang='lat' dir='ltr'><strong>cst</strong></span> <span class='ocrx_word' id='word_1_83' title='bbox 1531 2474 1621 2561; x_wconf 84' lang='lat' dir='ltr'><strong>vj.</strong></span> <span class='ocrx_word' id='word_1_84' title='bbox 1693 2474 1902 2560; x_wconf 89' lang='lat' dir='ltr'><strong>[idus]</strong></span> <span class='ocrx_word' id='word_1_85' title='bbox 1968 2473 2386 2553; x_wconf 86' lang='lat' dir='ltr'><strong>Novembris,</strong></span> <span class='ocrx_word' id='word_1_86' title='bbox 2449 2474 2524 2539; x_wconf 87' lang='lat' dir='ltr'><strong>in</strong></span> <span class='ocrx_word' id='word_1_87' title='bbox 2585 2495 2720 2560; x_wconf 86' lang='lat' dir='ltr'><strong>qua</strong></span> 
     </span>
     <span class='ocr_line' id='line_1_15' title="bbox 609 2575 2722 2665; baseline -0.001 -20"><span class='ocrx_word' id='word_1_88' title='bbox 609 2575 851 2645; x_wconf 87' lang='lat' dir='ltr'><strong>colitur</strong></span> <span class='ocrx_word' id='word_1_89' title='bbox 878 2576 1116 2643; x_wconf 88' lang='lat' dir='ltr'><strong>horum</strong></span> <span class='ocrx_word' id='word_1_90' title='bbox 1145 2575 1550 2645; x_wconf 83' lang='lat' dir='ltr'><strong>sollemnitas</strong></span> <span class='ocrx_word' id='word_1_91' title='bbox 1597 2575 1993 2645; x_wconf 85' lang='lat' dir='ltr'><strong>Sanctorum</strong></span> <span class='ocrx_word' id='word_1_92' title='bbox 2013 2575 2040 2617; x_wconf 75' lang='lat'>²</span> <span class='ocrx_word' id='word_1_93' title='bbox 2083 2577 2165 2645; x_wconf 91' lang='lat' dir='ltr'><strong>de</strong></span> <span class='ocrx_word' id='word_1_94' title='bbox 2210 2578 2451 2665; x_wconf 89' lang='lat' dir='ltr'><strong>quibus</strong></span> <span class='ocrx_word' id='word_1_95' title='bbox 2480 2577 2722 2647; x_wconf 81' lang='lat' dir='ltr'><strong>cecinit</strong></span> 
     </span>
     <span class='ocr_line' id='line_1_16' title="bbox 610 2679 1203 2768; baseline 0 -23"><span class='ocrx_word' id='word_1_96' title='bbox 610 2679 906 2768; x_wconf 86' lang='lat' dir='ltr'><strong>poeticus</strong></span> <span class='ocrx_word' id='word_1_97' title='bbox 954 2701 1203 2758; x_wconf 87' lang='lat' dir='ltr'><strong>versus,</strong></span> 
     </span>
    </p>
   </div>
   <div class='ocr_carea' id='block_1_5' title="bbox 840 2812 2484 2901">
    <p class='ocr_par' dir='ltr' id='par_1_5' title="bbox 840 2812 2484 2901">
     <span class='ocr_line' id='line_1_17' title="bbox 840 2812 2484 2901; baseline 0.001 -18"><span class='ocrx_word' id='word_1_98' title='bbox 840 2814 1152 2901; x_wconf 64' lang='lat' dir='ltr'><strong>Quamo-</strong></span> <span class='ocrx_word' id='word_1_99' title='bbox 1194 2812 1304 2883; x_wconf 64' lang='lat' dir='ltr'><strong>hii</strong></span> <span class='ocrx_word' id='word_1_100' title='bbox 1348 2812 1591 2883; x_wconf 63' lang='lat' dir='ltr'><strong>smmi</strong></span> <span class='ocrx_word' id='word_1_101' title='bbox 1632 2814 1841 2884; x_wconf 59' lang='lat' dir='ltr'><strong>roseis</strong></span> <span class='ocrx_word' id='word_1_102' title='bbox 1887 2813 2085 2885; x_wconf 69' lang='lat' dir='ltr'><strong>sertis</strong></span> <span class='ocrx_word' id='word_1_103' title='bbox 2127 2815 2484 2887; x_wconf 60' lang='lat' dir='ltr'><strong>coronam</strong></span> 
     </span>
    </p>
   </div>
   <div class='ocr_carea' id='block_1_6' title="bbox 612 2962 3005 3155">
    <p class='ocr_par' dir='ltr' id='par_1_6' title="bbox 612 2962 3005 3155">
     <span class='ocr_line' id='line_1_18' title="bbox 690 2962 2722 3052; baseline 0 -20"><span class='ocrx_word' id='word_1_104' title='bbox 690 2963 907 3046; x_wconf 78' lang='lat' dir='ltr'><strong>Quam</strong></span> <span class='ocrx_word' id='word_1_105' title='bbox 981 2962 1444 3049; x_wconf 88' lang='lat' dir='ltr'><strong>sollemni[ter]</strong></span> <span class='ocrx_word' id='word_1_106' title='bbox 1520 2963 1812 3051; x_wconf 86' lang='lat' dir='ltr'><strong>suscepti</strong></span> <span class='ocrx_word' id='word_1_107' title='bbox 1887 2970 2049 3031; x_wconf 87' lang='lat' dir='ltr'><strong>sunt</strong></span> <span class='ocrx_word' id='word_1_108' title='bbox 2136 2965 2451 3052; x_wconf 73' lang='lat' dir='ltr'><strong>praesules</strong></span> <span class='ocrx_word' id='word_1_109' title='bbox 2540 2965 2722 3032; x_wconf 89' lang='lat' dir='ltr'><strong>illius</strong></span> 
     </span>
     <span class='ocr_line' id='line_1_19' title="bbox 612 3065 3005 3155; baseline 0.002 -25"><span class='ocrx_word' id='word_1_110' title='bbox 612 3065 740 3133; x_wconf 89' lang='lat' dir='ltr'><strong>loci</strong></span> <span class='ocrx_word' id='word_1_111' title='bbox 800 3088 843 3132; x_wconf 87' lang='lat' dir='ltr'><strong>a</strong></span> <span class='ocrx_word' id='word_1_112' title='bbox 906 3066 1225 3134; x_wconf 87' lang='lat' dir='ltr'><strong>fratribus</strong></span> <span class='ocrx_word' id='word_1_113' title='bbox 1286 3065 1435 3151; x_wconf 85' lang='lat' dir='ltr'><strong>quis</strong></span> <span class='ocrx_word' id='word_1_114' title='bbox 1502 3065 1701 3153; x_wconf 87' lang='lat' dir='ltr'><strong>digne</strong></span> <span class='ocrx_word' id='word_1_115' title='bbox 1768 3066 2126 3153; x_wconf 69' lang='lat' dir='ltr'><strong>expediet?</strong></span> <span class='ocrx_word' id='word_1_116' title='bbox 2192 3067 2390 3134; x_wconf 87' lang='lat' dir='ltr'><strong>Mane</strong></span> <span class='ocrx_word' id='word_1_117' title='bbox 2452 3090 2724 3155; x_wconf 89' lang='lat' dir='ltr'><strong>surgens</strong></span> <span class='ocrx_word' id='word_1_118' title='bbox 2749 3089 2883 3142; x_wconf 82' lang='lat' dir='ltr'><strong>How</strong></span> <span class='ocrx_word' id='word_1_119' title='bbox 2906 3088 3005 3140; x_wconf 72' lang='lat'><strong>00-</strong></span> 
     </span>
    </p>
   </div>
   <div class='ocr_carea' id='block_1_7' title="bbox 617 3156 3060 3357">
    <p class='ocr_par' dir='ltr' id='par_1_7' title="bbox 617 3156 3060 3357">
     <span class='ocr_line' id='line_1_20' title="bbox 619 3156 3060 3284; baseline -0.002 -50"><span class='ocrx_word' id='word_1_120' title='bbox 619 3167 970 3235; x_wconf 84' lang='lat' dir='ltr'><strong>Oswaldus</strong></span> <span class='ocrx_word' id='word_1_121' title='bbox 1036 3166 1566 3252; x_wconf 87' lang='lat' dir='ltr'><strong>archiepiscopus</strong></span> <span class='ocrx_word' id='word_1_122' title='bbox 1610 3188 1688 3234; x_wconf 89' lang='lat' dir='ltr'><strong>ac</strong></span> <span class='ocrx_word' id='word_1_123' title='bbox 1731 3168 2061 3253; x_wconf 86' lang='lat' dir='ltr'><strong>pretiosus</strong></span> <span class='ocrx_word' id='word_1_124' title='bbox 2112 3167 2242 3234; x_wconf 89' lang='lat' dir='ltr'><strong>Dei</strong></span> <span class='ocrx_word' id='word_1_125' title='bbox 2303 3169 2593 3236; x_wconf 85' lang='lat' dir='ltr'><strong>famulus</strong></span> <span class='ocrx_word' id='word_1_126' title='bbox 2636 3170 2725 3234; x_wconf 87' lang='lat' dir='ltr'><strong>ab</strong></span> <span class='ocrx_word' id='word_1_127' title='bbox 2747 3156 3060 3284; x_wconf 49' lang='lat' dir='ltr'><strong>Xfflggssgep</strong></span> 
     </span>
     <span class='ocr_line' id='line_1_21' title="bbox 617 3267 3003 3357; baseline 0.001 -24"><span class='ocrx_word' id='word_1_128' title='bbox 617 3269 931 3343; x_wconf 90' lang='lat' dir='ltr'><strong>oratione,</strong></span> <span class='ocrx_word' id='word_1_129' title='bbox 999 3271 1321 3335; x_wconf 84' lang='lat' dir='ltr'><strong>convocat</strong></span> <span class='ocrx_word' id='word_1_130' title='bbox 1386 3267 1630 3333; x_wconf 87' lang='lat' dir='ltr'><strong>amicos</strong></span> <span class='ocrx_word' id='word_1_131' title='bbox 1708 3271 1781 3332; x_wconf 89' lang='lat' dir='ltr'><strong>et</strong></span> <span class='ocrx_word' id='word_1_132' title='bbox 1854 3268 2109 3335; x_wconf 87' lang='lat' dir='ltr'><strong>vicinos</strong></span> <span class='ocrx_word' id='word_1_133' title='bbox 2182 3268 2270 3334; x_wconf 90' lang='lat' dir='ltr'><strong>ad</strong></span> <span class='ocrx_word' id='word_1_134' title='bbox 2344 3292 2433 3349; x_wconf 88' lang='lat' dir='ltr'><strong>se,</strong></span> <span class='ocrx_word' id='word_1_135' title='bbox 2500 3275 2724 3357; x_wconf 86' lang='lat' dir='ltr'><strong>patres</strong></span> <span class='ocrx_word' id='word_1_136' title='bbox 2748 3303 2781 3337; x_wconf 70' lang='lat' dir='ltr'><strong>a</strong></span> <span class='ocrx_word' id='word_1_137' title='bbox 2801 3286 3003 3338; x_wconf 68' lang='lat' dir='ltr'><strong>festival</strong></span> 
     </span>
    </p>
   </div>
   <div class='ocr_carea' id='block_1_8' title="bbox 490 3352 3064 3456">
    <p class='ocr_par' dir='ltr' id='par_1_8' title="bbox 490 3352 3064 3456">
     <span class='ocr_line' id='line_1_22' title="bbox 490 3352 3064 3456; baseline 0 -22"><span class='ocrx_word' id='word_1_138' title='bbox 490 3390 510 3409; x_wconf 90' lang='lat'><strong>·</strong></span> <span class='ocrx_word' id='word_1_139' title='bbox 619 3368 872 3434; x_wconf 89' lang='lat' dir='ltr'><strong>scilicet</strong></span> <span class='ocrx_word' id='word_1_140' title='bbox 916 3372 986 3433; x_wconf 90' lang='lat' dir='ltr'><strong>et</strong></span> <span class='ocrx_word' id='word_1_141' title='bbox 1051 3367 1306 3444; x_wconf 85' lang='lat' dir='ltr'><strong>fratres,</strong></span> <span class='ocrx_word' id='word_1_142' title='bbox 1353 3371 1434 3431; x_wconf 89' lang='lat' dir='ltr'><strong>ut</strong></span> <span class='ocrx_word' id='word_1_143' title='bbox 1476 3387 1703 3433; x_wconf 89' lang='lat' dir='ltr'><strong>eorum</strong></span> <span class='ocrx_word' id='word_1_144' title='bbox 1754 3366 2107 3453; x_wconf 84' lang='lat' dir='ltr'><strong>juvamine</strong></span> <span class='ocrx_word' id='word_1_145' title='bbox 2150 3375 2371 3456; x_wconf 89' lang='lat' dir='ltr'><strong>posset</strong></span> <span class='ocrx_word' id='word_1_146' title='bbox 2435 3370 2723 3438; x_wconf 88' lang='lat' dir='ltr'><strong>Domino</strong></span> <span class='ocrx_word' id='word_1_147' title='bbox 2748 3358 2802 3404; x_wconf 51' lang='grc' dir='ltr'><strong>Β*</strong></span> <span class='ocrx_word' id='word_1_148' title='bbox 2818 3352 3064 3417; x_wconf 73' lang='lat' dir='ltr'><strong>Ramsey.</strong></span> 
     </span>
    </p>
   </div>
   <div class='ocr_carea' id='block_1_9' title="bbox 619 3467 2958 3767">
    <p class='ocr_par' dir='ltr' id='par_1_9' title="bbox 619 3467 2958 3767">
     <span class='ocr_line' id='line_1_23' title="bbox 619 3467 2724 3555; baseline 0.003 -21"><span class='ocrx_word' id='word_1_149' title='bbox 619 3468 905 3535; x_wconf 90' lang='lat' dir='ltr'><strong>officium</strong></span> <span class='ocrx_word' id='word_1_150' title='bbox 967 3467 1337 3554; x_wconf 85' lang='lat' dir='ltr'><strong>persolvere</strong></span> <span class='ocrx_word' id='word_1_151' title='bbox 1397 3467 1800 3555; x_wconf 88' lang='lat' dir='ltr'><strong>dignissimo.</strong></span> <span class='ocrx_word' id='word_1_152' title='bbox 1894 3469 2065 3534; x_wconf 88' lang='lat' dir='ltr'><strong>Tum</strong></span> <span class='ocrx_word' id='word_1_153' title='bbox 2140 3469 2342 3539; x_wconf 88' lang='lat' dir='ltr'><strong>alacri</strong></span> <span class='ocrx_word' id='word_1_154' title='bbox 2370 3478 2593 3539; x_wconf 89' lang='lat' dir='ltr'><strong>mente</strong></span> <span class='ocrx_word' id='word_1_155' title='bbox 2653 3479 2724 3540; x_wconf 91' lang='lat' dir='ltr'><strong>et</strong></span> 
     </span>
     <span class='ocr_line' id='line_1_24' title="bbox 622 3569 2727 3664; baseline 0.003 -27"><span class='ocrx_word' id='word_1_156' title='bbox 622 3573 866 3638; x_wconf 85' lang='lat' dir='ltr'><strong>devoto</strong></span> <span class='ocrx_word' id='word_1_157' title='bbox 911 3570 1106 3639; x_wconf 89' lang='lat' dir='ltr'><strong>corde</strong></span> <span class='ocrx_word' id='word_1_158' title='bbox 1167 3575 1448 3638; x_wconf 89' lang='lat' dir='ltr'><strong>cunctus</strong></span> <span class='ocrx_word' id='word_1_159' title='bbox 1511 3569 1739 3657; x_wconf 89' lang='lat' dir='ltr'><strong>paruit</strong></span> <span class='ocrx_word' id='word_1_160' title='bbox 1813 3575 2027 3639; x_wconf 88' lang='lat' dir='ltr'><strong>coetus</strong></span> <span class='ocrx_word' id='word_1_161' title='bbox 2100 3572 2383 3640; x_wconf 87' lang='lat' dir='ltr'><strong>fratrum</strong></span> <span class='ocrx_word' id='word_1_162' title='bbox 2456 3576 2727 3664; x_wconf 76' lang='lat' dir='ltr'><strong>praesuli</strong></span> 
     </span>
     <span class='ocr_line' id='line_1_25' title="bbox 622 3672 2958 3767; baseline 0.003 -26"><span class='ocrx_word' id='word_1_163' title='bbox 622 3676 875 3742; x_wconf 85' lang='lat' dir='ltr'><strong>devote.</strong></span> <span class='ocrx_word' id='word_1_164' title='bbox 1000 3672 1290 3755; x_wconf 81' lang='lat' dir='ltr'><strong>Quidam</strong></span> <span class='ocrx_word' id='word_1_165' title='bbox 1335 3672 1514 3738; x_wconf 88' lang='lat' dir='ltr'><strong>enim</strong></span> <span class='ocrx_word' id='word_1_166' title='bbox 1580 3694 1733 3740; x_wconf 89' lang='lat' dir='ltr'><strong>cum</strong></span> <span class='ocrx_word' id='word_1_167' title='bbox 1777 3672 2198 3744; x_wconf 82' lang='lat' dir='ltr'><strong>celeberrimo</strong></span> <span class='ocrx_word' id='word_1_168' title='bbox 2242 3677 2528 3746; x_wconf 86' lang='lat' dir='ltr'><strong>AEscwio</strong></span> <span class='ocrx_word' id='word_1_169' title='bbox 2590 3679 2728 3767; x_wconf 90' lang='lat' dir='ltr'><strong>epi·</strong></span> <span class='ocrx_word' id='word_1_170' title='bbox 2751 3696 2958 3761; x_wconf 72' lang='lat' dir='ltr'><strong>AEsewy</strong></span> 
     </span>
    </p>
   </div>
   <div class='ocr_carea' id='block_1_10' title="bbox 622 3762 3050 3880">
    <p class='ocr_par' dir='ltr' id='par_1_10' title="bbox 622 3762 3050 3880">
     <span class='ocr_line' id='line_1_26' title="bbox 622 3762 3050 3880; baseline -0.012 -36"><span class='ocrx_word' id='word_1_171' title='bbox 622 3798 817 3863; x_wconf 88' lang='lat' dir='ltr'><strong>scopo</strong></span> <span class='ocrx_word' id='word_1_172' title='bbox 880 3775 1121 3854; x_wconf 84' lang='lat' dir='ltr'><strong>ierunt,</strong></span> <span class='ocrx_word' id='word_1_173' title='bbox 1183 3775 1453 3861; x_wconf 89' lang='lat' dir='ltr'><strong>quidam</strong></span> <span class='ocrx_word' id='word_1_174' title='bbox 1500 3796 1650 3842; x_wconf 87' lang='lat' dir='ltr'><strong>cum</strong></span> <span class='ocrx_word' id='word_1_175' title='bbox 1715 3776 2092 3862; x_wconf 85' lang='lat' dir='ltr'><strong>patriarcha</strong></span> <span class='ocrx_word' id='word_1_176' title='bbox 2163 3779 2487 3861; x_wconf 74' lang='lat' dir='ltr'><strong>oswaldo,</strong></span> <span class='ocrx_word' id='word_1_177' title='bbox 2553 3783 2730 3869; x_wconf 73' lang='lat' dir='ltr'>quod</span> <span class='ocrx_word' id='word_1_178' title='bbox 2752 3762 3050 3880; x_wconf 51' lang='lat' dir='ltr'><strong>guierlcffisor</strong></span> 
     </span>
    </p>
   </div>
   <div class='ocr_carea' id='block_1_11' title="bbox 623 3877 3011 4170">
    <p class='ocr_par' dir='ltr' id='par_1_11' title="bbox 623 3877 3011 4170">
     <span class='ocr_line' id='line_1_27' title="bbox 623 3877 2925 3968; baseline -0.001 -22"><span class='ocrx_word' id='word_1_179' title='bbox 623 3880 926 3966; x_wconf 87' lang='lat' dir='ltr'><strong>utrisque</strong></span> <span class='ocrx_word' id='word_1_180' title='bbox 987 3877 1153 3943; x_wconf 90' lang='lat' dir='ltr'><strong>mire</strong></span> <span class='ocrx_word' id='word_1_181' title='bbox 1220 3877 1608 3964; x_wconf 86' lang='lat' dir='ltr'><strong>perplacuit.</strong></span> <span class='ocrx_word' id='word_1_182' title='bbox 1732 3877 1898 3945; x_wconf 89' lang='lat' dir='ltr'><strong>Erat</strong></span> <span class='ocrx_word' id='word_1_183' title='bbox 1971 3879 2045 3945; x_wconf 89' lang='lat' dir='ltr'><strong>in</strong></span> <span class='ocrx_word' id='word_1_184' title='bbox 2106 3880 2250 3968; x_wconf 90' lang='lat' dir='ltr'><strong>ipso</strong></span> <span class='ocrx_word' id='word_1_185' title='bbox 2318 3891 2726 3953; x_wconf 88' lang='lat' dir='ltr'><strong>sacrosancto</strong></span> <span class='ocrx_word' id='word_1_186' title='bbox 2750 3897 2855 3957; x_wconf 78' lang='lat' dir='ltr'><strong>ter)</strong></span> <span class='ocrx_word' id='word_1_187' title='bbox 2878 3895 2925 3945; x_wconf 71' lang='lat' dir='ltr'><strong>is</strong></span> 
     </span>
     <span class='ocr_line' id='line_1_28' title="bbox 626 3969 2970 4074; baseline -0.01 -25"><span class='ocrx_word' id='word_1_188' title='bbox 626 3981 836 4049; x_wconf 91' lang='lat' dir='ltr'><strong>officio</strong></span> <span class='ocrx_word' id='word_1_189' title='bbox 897 3980 1174 4049; x_wconf 76' lang='lat' dir='ltr'><strong>caelestis</strong></span> <span class='ocrx_word' id='word_1_190' title='bbox 1218 3979 1429 4066; x_wconf 89' lang='lat' dir='ltr'><strong>gloria</strong></span> <span class='ocrx_word' id='word_1_191' title='bbox 1465 3980 1702 4066; x_wconf 89' lang='lat' dir='ltr'><strong>juncta</strong></span> <span class='ocrx_word' id='word_1_192' title='bbox 1749 3981 2187 4050; x_wconf 88' lang='lat' dir='ltr'><strong>terrestribus.</strong></span> <span class='ocrx_word' id='word_1_193' title='bbox 2303 3984 2509 4054; x_wconf 70' lang='lat' dir='ltr'><strong>Facta</strong></span> <span class='ocrx_word' id='word_1_194' title='bbox 2524 3985 2553 4025; x_wconf 78' lang='lat'><em>4</em></span> <span class='ocrx_word' id='word_1_195' title='bbox 2599 4009 2728 4074; x_wconf 68' lang='lat' dir='ltr'><strong>que</strong></span> <span class='ocrx_word' id='word_1_196' title='bbox 2750 3969 2970 4028; x_wconf 74' lang='lat' dir='ltr'><strong>present.</strong></span> 
     </span>
     <span class='ocr_line' id='line_1_29' title="bbox 626 4081 3011 4170; baseline 0.001 -19"><span class='ocrx_word' id='word_1_197' title='bbox 626 4089 730 4151; x_wconf 90' lang='lat' dir='ltr'><strong>est</strong></span> <span class='ocrx_word' id='word_1_198' title='bbox 771 4083 1096 4151; x_wconf 85' lang='lat' dir='ltr'><strong>mirabilis</strong></span> <span class='ocrx_word' id='word_1_199' title='bbox 1141 4081 1371 4149; x_wconf 89' lang='lat' dir='ltr'><strong>eodem</strong></span> <span class='ocrx_word' id='word_1_200' title='bbox 1419 4082 1527 4149; x_wconf 91' lang='lat' dir='ltr'><strong>die</strong></span> <span class='ocrx_word' id='word_1_201' title='bbox 1570 4105 1691 4161; x_wconf 90' lang='lat' dir='ltr'><strong>res,</strong></span> <span class='ocrx_word' id='word_1_202' title='bbox 1737 4088 1819 4149; x_wconf 92' lang='lat' dir='ltr'><strong>ut</strong></span> <span class='ocrx_word' id='word_1_203' title='bbox 1862 4085 2105 4170; x_wconf 76' lang='lat' dir='ltr'><strong>praesul</strong></span> <span class='ocrx_word' id='word_1_204' title='bbox 2149 4088 2565 4155; x_wconf 79' lang='lat' dir='ltr'><strong>venerandus</strong></span> <span class='ocrx_word' id='word_1_205' title='bbox 2631 4090 2731 4156; x_wconf 87' lang='lat' dir='ltr'><strong>ita</strong></span> <span class='ocrx_word' id='word_1_206' title='bbox 2755 4112 3011 4164; x_wconf 71' lang='lat' dir='ltr'><strong>onvald’.</strong></span> 
     </span>
    </p>
   </div>
   <div class='ocr_carea' id='block_1_12' title="bbox 625 4178 3050 4299">
    <p class='ocr_par' dir='ltr' id='par_1_12' title="bbox 625 4178 3050 4299">
     <span class='ocr_line' id='line_1_30' title="bbox 625 4178 3050 4299; baseline 0.002 -44"><span class='ocrx_word' id='word_1_207' title='bbox 625 4209 819 4255; x_wconf 88' lang='lat' dir='ltr'><strong>suum</strong></span> <span class='ocrx_word' id='word_1_208' title='bbox 864 4186 1219 4272; x_wconf 87' lang='lat' dir='ltr'><strong>compleret</strong></span> <span class='ocrx_word' id='word_1_209' title='bbox 1248 4184 1495 4250; x_wconf 80' lang='lat' dir='ltr'><strong>Divini.</strong></span> <span class='ocrx_word' id='word_1_210' title='bbox 1526 4184 1829 4272; x_wconf 85' lang='lat' dir='ltr'><strong>mysterii</strong></span> <span class='ocrx_word' id='word_1_211' title='bbox 1874 4193 2353 4256; x_wconf 88' lang='lat' dir='ltr'><strong>sacramentum</strong></span> <span class='ocrx_word' id='word_1_212' title='bbox 2384 4195 2464 4256; x_wconf 90' lang='lat' dir='ltr'><strong>ut</strong></span> <span class='ocrx_word' id='word_1_213' title='bbox 2506 4212 2731 4259; x_wconf 89' lang='lat' dir='ltr'><strong>omnes</strong></span> <span class='ocrx_word' id='word_1_214' title='bbox 2754 4178 3050 4299; x_wconf 44' lang='lat' dir='ltr'><strong>{1¹:2³²oessoe</strong></span> 
     </span>
    </p>
   </div>
   <div class='ocr_carea' id='block_1_13' title="bbox 629 4385 2732 4852">
    <p class='ocr_par' dir='ltr' id='par_1_13' title="bbox 629 4385 2732 4852">
     <span class='ocr_line' id='line_1_31' title="bbox 695 4385 2731 4457; baseline 0.003 -16"><span class='ocrx_word' id='word_1_215' title='bbox 695 4389 714 4423; x_wconf 87' lang='lat'>¹</span> <span class='ocrx_word' id='word_1_216' title='bbox 746 4390 800 4441; x_wconf 80' lang='lat' dir='ltr'>A</span> <span class='ocrx_word' id='word_1_217' title='bbox 821 4403 973 4455; x_wconf 84' lang='lat' dir='ltr'><strong>space</strong></span> <span class='ocrx_word' id='word_1_218' title='bbox 1007 4386 1069 4437; x_wconf 80' lang='lat' dir='ltr'><strong>of</strong></span> <span class='ocrx_word' id='word_1_219' title='bbox 1093 4394 1199 4439; x_wconf 75' lang='lat' dir='ltr'><strong>tvo</strong></span> <span class='ocrx_word' id='word_1_220' title='bbox 1235 4403 1295 4438; x_wconf 92' lang='lat' dir='ltr'><strong>or</strong></span> <span class='ocrx_word' id='word_1_221' title='bbox 1329 4386 1477 4438; x_wconf 85' lang='lat' dir='ltr'><strong>three</strong></span> <span class='ocrx_word' id='word_1_222' title='bbox 1513 4385 1639 4437; x_wconf 82' lang='lat' dir='ltr'><strong>lines</strong></span> <span class='ocrx_word' id='word_1_223' title='bbox 1792 4386 1817 4420; x_wconf 75' lang='lat'>²</span> <span class='ocrx_word' id='word_1_224' title='bbox 1845 4387 1959 4440; x_wconf 82' lang='lat' dir='ltr'><strong>The</strong></span> <span class='ocrx_word' id='word_1_225' title='bbox 1980 4386 2185 4441; x_wconf 75' lang='lat' dir='ltr'><strong>festival</strong></span> <span class='ocrx_word' id='word_1_226' title='bbox 2206 4389 2267 4441; x_wconf 78' lang='lat' dir='ltr'><strong>of</strong></span> <span class='ocrx_word' id='word_1_227' title='bbox 2283 4391 2372 4443; x_wconf 84' lang='lat' dir='ltr'><strong>the</strong></span> <span class='ocrx_word' id='word_1_228' title='bbox 2390 4393 2622 4457; x_wconf 81' lang='lat' dir='ltr'><strong>Quatuor</strong></span> <span class='ocrx_word' id='word_1_229' title='bbox 2644 4410 2731 4447; x_wconf 85' lang='lat' dir='ltr'><strong>eo·</strong></span> 
     </span>
     <span class='ocr_line' id='line_1_32' title="bbox 629 4464 2190 4535; baseline -0.001 -14"><span class='ocrx_word' id='word_1_230' title='bbox 629 4484 812 4521; x_wconf 73' lang='lat' dir='ltr'><strong>occurs</strong></span> <span class='ocrx_word' id='word_1_231' title='bbox 863 4467 919 4518; x_wconf 89' lang='lat' dir='ltr'><strong>in</strong></span> <span class='ocrx_word' id='word_1_232' title='bbox 963 4466 1051 4519; x_wconf 89' lang='lat' dir='ltr'><strong>the</strong></span> <span class='ocrx_word' id='word_1_233' title='bbox 1107 4465 1326 4533; x_wconf 82' lang='lat' dir='ltr'><strong>original</strong></span> <span class='ocrx_word' id='word_1_234' title='bbox 1370 4464 1453 4517; x_wconf 78' lang='lat' dir='ltr'><strong>for</strong></span> <span class='ocrx_word' id='word_1_235' title='bbox 1497 4481 1637 4517; x_wconf 87' lang='lat' dir='ltr'><strong>some</strong></span> <span class='ocrx_word' id='word_1_236' title='bbox 1726 4466 1896 4517; x_wconf 86' lang='lat' dir='ltr'><strong>ronati</strong></span> <span class='ocrx_word' id='word_1_237' title='bbox 1916 4467 2190 4535; x_wconf 78' lang='lat' dir='ltr'><strong>Martyres.</strong></span> 
     </span>
     <span class='ocr_line' id='line_1_33' title="bbox 631 4543 2732 4612; baseline 0.003 -12"><span class='ocrx_word' id='word_1_238' title='bbox 631 4563 804 4600; x_wconf 81' lang='lat' dir='ltr'><strong>verses</strong></span> <span class='ocrx_word' id='word_1_239' title='bbox 825 4545 995 4600; x_wconf 67' lang='lat' dir='ltr'><strong>which</strong></span> <span class='ocrx_word' id='word_1_240' title='bbox 1034 4545 1163 4596; x_wconf 80' lang='lat' dir='ltr'><strong>have</strong></span> <span class='ocrx_word' id='word_1_241' title='bbox 1202 4559 1361 4596; x_wconf 81' lang='lat' dir='ltr'><strong>never</strong></span> <span class='ocrx_word' id='word_1_242' title='bbox 1395 4545 1525 4596; x_wconf 83' lang='lat' dir='ltr'><strong>been</strong></span> <span class='ocrx_word' id='word_1_243' title='bbox 1560 4543 1639 4595; x_wconf 89' lang='lat' dir='ltr'><strong>in-</strong></span> <span class='ocrx_word' id='word_1_244' title='bbox 1792 4543 1816 4577; x_wconf 86' lang='lat'>⁸</span> <span class='ocrx_word' id='word_1_245' title='bbox 1848 4544 1961 4596; x_wconf 81' lang='lat' dir='ltr'><strong>The</strong></span> <span class='ocrx_word' id='word_1_246' title='bbox 1999 4544 2116 4600; x_wconf 88' lang='lat' dir='ltr'><strong>MS.</strong></span> <span class='ocrx_word' id='word_1_247' title='bbox 2152 4549 2318 4612; x_wconf 85' lang='lat' dir='ltr'><strong>reads,</strong></span> <span class='ocrx_word' id='word_1_248' title='bbox 2357 4553 2390 4581; x_wconf 90' lang='lat'><strong>“</strong></span> <span class='ocrx_word' id='word_1_249' title='bbox 2404 4550 2540 4604; x_wconf 87' lang='lat' dir='ltr'><strong>rosei</strong></span> <span class='ocrx_word' id='word_1_250' title='bbox 2583 4553 2732 4607; x_wconf 83' lang='lat' dir='ltr'><strong>sertis</strong></span> 
     </span>
     <span class='ocr_line' id='line_1_34' title="bbox 631 4624 2101 4691; baseline -0.003 -11"><span class='ocrx_word' id='word_1_251' title='bbox 631 4628 817 4679; x_wconf 76' lang='lat' dir='ltr'><strong>serted.</strong></span> <span class='ocrx_word' id='word_1_252' title='bbox 872 4626 1019 4691; x_wconf 79' lang='lat' dir='ltr'><strong>They</strong></span> <span class='ocrx_word' id='word_1_253' title='bbox 1041 4625 1211 4675; x_wconf 69' lang='lat' dir='ltr'><strong>would</strong></span> <span class='ocrx_word' id='word_1_254' title='bbox 1234 4624 1483 4689; x_wconf 79' lang='lat' dir='ltr'><strong>probably</strong></span> <span class='ocrx_word' id='word_1_255' title='bbox 1504 4624 1637 4675; x_wconf 82' lang='lat' dir='ltr'><strong>have</strong></span> <span class='ocrx_word' id='word_1_256' title='bbox 1726 4626 1757 4653; x_wconf 87' lang='lat'>“</span> <span class='ocrx_word' id='word_1_257' title='bbox 1791 4625 2101 4677; x_wconf 86' lang='lat' dir='ltr'><strong>coronatis.&#39;’</strong></span> 
     </span>
     <span class='ocr_line' id='line_1_35' title="bbox 629 4702 2431 4774; baseline 0.002 -15"><span class='ocrx_word' id='word_1_258' title='bbox 629 4706 786 4774; x_wconf 80' lang='lat' dir='ltr'><strong>given</strong></span> <span class='ocrx_word' id='word_1_259' title='bbox 808 4720 841 4756; x_wconf 85' lang='lat' dir='ltr'><strong>a</strong></span> <span class='ocrx_word' id='word_1_260' title='bbox 877 4702 1222 4757; x_wconf 83' lang='lat' dir='ltr'><strong>construction</strong></span> <span class='ocrx_word' id='word_1_261' title='bbox 1255 4710 1313 4755; x_wconf 84' lang='lat' dir='ltr'><strong>to</strong></span> <span class='ocrx_word' id='word_1_262' title='bbox 1347 4702 1437 4756; x_wconf 77' lang='lat' dir='ltr'><strong>the</strong></span> <span class='ocrx_word' id='word_1_263' title='bbox 1472 4705 1638 4756; x_wconf 81' lang='lat' dir='ltr'><strong>words</strong></span> <span class='ocrx_word' id='word_1_264' title='bbox 1791 4703 1814 4736; x_wconf 89' lang='lat'><strong>⁴</strong></span> <span class='ocrx_word' id='word_1_265' title='bbox 1845 4703 2034 4772; x_wconf 75' lang='lat' dir='ltr'><strong>Facta]</strong></span> <span class='ocrx_word' id='word_1_266' title='bbox 2063 4706 2293 4770; x_wconf 84' lang='lat' dir='ltr'><strong>Factum,</strong></span> <span class='ocrx_word' id='word_1_267' title='bbox 2313 4708 2431 4762; x_wconf 85' lang='lat' dir='ltr'><strong>MS.</strong></span> 
     </span>
     <span class='ocr_line' id='line_1_36' title="bbox 630 4783 1204 4852; baseline -0.009 -12"><span class='ocrx_word' id='word_1_268' title='bbox 630 4784 796 4840; x_wconf 78' lang='lat' dir='ltr'><strong>which</strong></span> <span class='ocrx_word' id='word_1_269' title='bbox 816 4785 1029 4852; x_wconf 82' lang='lat' dir='ltr'><strong>precede</strong></span> <span class='ocrx_word' id='word_1_270' title='bbox 1049 4783 1204 4838; x_wconf 79' lang='lat' dir='ltr'><strong>them.</strong></span> 
     </span>
    </p>
   </div>
  </div>
 </body>
</html>
