3600 5800
1280 910 1598 958 AUCTORE
1646 910 1860 958 EDmo
1907 909 2278 959 STEPHANO.
2751 894 2835 963 69

734 1100 763 1124 “
808 1114 1025 1159 meum
1071 1096 1441 1164 sanctitatis
1486 1096 1790 1163 habitum
1836 1096 2086 1163 violare
2131 1099 2290 1163 estis
2336 1097 2573 1175 conati,
2604 1097 2834 1165 fiduci—

732 1201 763 1225 “
805 1193 997 1261 aliter
1071 1194 1291 1262 sedem
1366 1198 1626 1284 appello
1671 1197 2157 1284 Apostolicam:
2236 1203 2532 1264 vestrum
2608 1204 2833 1264 autem

730 1302 761 1326 “
804 1295 1100 1381 quisquis
1175 1297 1497 1383 deponere
1573 1296 1793 1364 meum
1871 1299 2220 1385 dignitatis
2294 1298 2575 1385 gradum
2665 1321 2829 1385 prae-

732 1404 763 1430 “
807 1400 1027 1478 sumit,
1071 1422 1115 1467 a
1176 1422 1281 1466 me
1325 1400 1522 1468 hodie
1567 1403 1898 1469 invitatus
1945 1424 2202 1469 mecum
2262 1412 2498 1490 pergat
2542 1403 2701 1469 illuc
2744 1404 2830 1468 ad

728 1509 759 1533 “
794 1502 1133 1587 judicium.
1229 1504 1494 1572 Debent
1546 1507 1816 1577 etenim
1893 1506 2247 1593 diligenter
2309 1508 2472 1574 scire
2491 1580 2498 1587 ‚
2517 1508 2647 1571 viri
2695 1506 2824 1572 Ro-

727 1610 757 1635 “
801 1605 980 1670 mani
1004 1606 1334 1692 sapientes
1364 1630 1483 1694 pro
1515 1630 1647 1693 qua
1675 1608 1873 1697 culpa
1900 1629 2019 1673 vos
2050 1630 2155 1674 me
2185 1609 2542 1695 degradare
2572 1608 2824 1686 vultis,1

725 1716 755 1739 “
799 1708 1179 1794 priusquam
1224 1711 1414 1776 vobis
1459 1712 1615 1778 solis
1658 1713 1745 1779 ad
1790 1712 1923 1778 ista
1966 1712 2421 1781 consentiam.''

806 1810 971 1879 Haec
1006 1858 1009 1859 ν
1058 1814 1404 1881 audientes
1501 1815 2024 1903 archiepiscopus
2099 1822 2169 1881 et
2255 1838 2374 1881 rex
2463 1815 2779 1883 dixerunt
2811 1842 2824 1881 :

724 1922 755 1947 “
800 1914 995 1981 Modo
1038 1918 1273 2003 utique
1319 1918 1666 2005 culpabilis
1709 1919 1925 1986 factus
1983 1942 2027 1985 a
2084 1919 2275 1985 nobis
2318 1924 2588 1988 notatus
2642 1920 2822 1985 dam-

725 2026 755 2050 “
797 2025 1008 2095 netur,
1078 2018 1283 2106 quia‘ss
1357 2022 1569 2108 magis
1643 2022 1910 2088 illorum
1987 2042 2188 2108 quam
2248 2027 2549 2088 nostrum
2624 2022 2825 2109 elegit

725 2132 754 2157 “
792 2122 1170 2207 judicium.''
1264 2126 1351 2190 Et
1394 2126 1549 2193 hoc-
1578 2126 2026 2212 promittendo
2087 2148 2204 2190 rex
2265 2124 2553 2193 addebat
2611 2126 2821 2192 archi-

723 2227 1054 2313 episcopo:
1121 2236 1152 2262 “
1175 2227 1435 2295 Faciam
1482 2230 1675 2307 enim,
1724 2231 1780 2294 si
1834 2229 2046 2315 jubes,
2093 2230 2340 2315 absque
2384 2228 2820 2295 haesitationis
2846 2237 2958 2316 srhq
2983 2240 3108 2305 king

726 2341 756 2365 “
802 2352 995 2407 mora,
1043 2338 1122 2395 ut
1167 2332 1236 2395 vi
1298 2333 1729 2419 opprimentis
1790 2334 2118 2399 exercitus
2178 2333 2310 2398 mei
2372 2338 2648 2409 coactus,
2696 2333 2819 2400 hac
2842 2322 2895 2422 ἔξ,
2911 2307 3144 2425 ἶῗξζζζά

723 2445 755 2470 “
799 2436 942 2501 viee
986 2441 1282 2500 nostrum
1328 2437 1549 2501 subire
1601 2436 1932 2522 judicium
1978 2442 2282 2522 paratum
2344 2458 2413 2501 se
2475 2436 2815 2503 fateatur.’'
2842 2439 3088 2518 wilfrigi’s
3203 2482 3206 2485 -

720 2538 1105 2607 Conciliales
1149 2546 1372 2605 autem
1420 2541 1641 2606 caeteri
1687 2540 1998 2606 dicebant
2041 2539 2362 2627 episcopi:
2411 2548 2444 2574 ‘⁴
2465 2540 2814 2606 Recordari
2840 2508 3098 2635 {ffi'ghfiut

720 2654 751 2679 “
796 2650 1051 2731 oportet
1096 2643 1274 2728 quod
1319 2644 1391 2707 in
1437 2649 1730 2711 nostram
1776 2644 2227 2729 promissionis
2273 2644 2470 2709 fidem
2516 2644 2648 2712 huc
2707 2667 2813 2711 us-
2838 2639 2926 2721 the
2944 2639 3153 2707 bishops

719 2756 748 2781 “
795 2769 919 2833 que
964 2746 1272 2832 perrexit,
1318 2745 1514 2810 aliter
1556 2762 1690 2811 non
1735 2767 2171 2832 praesumens:
2217 2746 2465 2832 pariter
2508 2768 2815 2837 prospero
2837 2707 3018 2770 ⁰b³⁰⁰t

719 2860 749 2885 “
793 2851 1026 2918 itinere
1071 2850 1145 2914 in
1190 2869 1349 2937 pace
1394 2855 1803 2917 revertamur
1848 2850 1934 2918 ad
1981 2851 2207 2919 domos
2250 2851 2561 2922 nostras?
2582 2848 2609 2891 ³

1336 3093 1779 3180 [CAPrrULUM
1828 3090 2167 3178 XLVIII]

890 3251 1197 3334 Qualiter·
1240 3250 1333 3315 ad
1378 3249 1834 3315 AE'tkelwdum
1879 3272 2092 3334 regem
2135 3270 2427 3316 reversus
2471 3251 2604 3316 est.⁴

798 3407 955 3474 Post
1041 3407 1162 3472 has
1237 3405 1444 3492 igitur
1534 3404 2123 3482 sermocinationeS‚
2202 3403 2483 3470 solvitur
2573 3399 2810 3470 inutile

712 3511 1054 3577 concilium
1131 3532 1213 3575 ex
1292 3516 1570 3595 utraque
1646 3515 1849 3596 parte,
1927 3516 1997 3575 et
2087 3509 2539 3595 unusquisque
2630 3510 2811 3575 domi

710 3619 1039 3678 revertens
1085 3612 1384 3691 secessim
1443 3618 1514 3677 et
1557 3612 1671 3689 ita,
1718 3611 1861 3677 Deo
1907 3617 2308 3698 protegente,
2355 3632 2586 3677 servus
2633 3612 2810 3677 Suus

592 3775 609 3780 -
709 3715 1021 3783 liberatu's
1067 3717 1148 3782 de
1192 3716 1496 3782 manibus
1541 3717 1957 3782 inimicorum
1989 3717 2075 3780 ad
2105 3717 2558 3781 fidelissimum
2590 3739 2809 3804 regem
2835 3731 3047 3784 wilfrid

708 3819 1158 3885 AEthelredum
1203 3820 1462 3885 redibat
1522 3820 1863 3884 indemnis
1959 3819 2203 3884 Noster
2261 3825 2483 3885 autem
2545 3826 2808 3886 sanctus
2833 3811 3072 3922 “E‘zffilss‘e’d

707 3924 1002 4008 pontifex
1048 3947 1321 4011 pergens
1366 3923 1637 3989 devenit
1680 3924 1768 3989 ad
1815 3919 2242 3988 Ethelredum
2288 3945 2522 4010 regem,
2555 3924 2805 3996 denun-
2835 3933 2960 3998 king
2978 3934 3042 4010 pf

708 4026 878 4091 tians
922 4027 984 4091 ei
1029 4031 1331 4093 cunctam
1379 4026 1563 4090 durae
1607 4025 1958 4091 locutionis
2016 4023 2506 4090 infestationem
2569 4045 2718 4110 quae
2762 4048 2805 4091 a
2832 3998 3042 4063 Mmm'

708 4128 1091 4213 praesulibus
1151 4132 1380 4195 contra
1438 4123 1618 4192 illius
1679 4133 2080 4215 praeceptum
2142 4126 2331 4193 illata
2390 4132 2505 4192 est.
2623 4126 2809 4194 Tunc

704 4230 1111 4318 interrogans
1177 4253 1437 4318 quoque
1505 4253 1740 4317 regem,
1788 4231 2111 4316 quomodo
2176 4230 2284 4296 vel
2351 4230 2635 4315 qualiter
2696 4231 2806 4296 de-

703 4335 1013 4400 crevisset
1054 4334 1135 4399 de
1182 4334 1581 4420 possessione
1630 4339 1968 4410 terrarum,
2017 4332 2557 4419 propriarumque
2603 4333 2804 4400 facul-

770 4588 784 4619 ¹
822 4585 991 4653 vultis]
1022 4587 1297 4650 cupientes,
1321 4588 1394 4636 A.
1864 4585 1884 4616 ⁴
1925 4583 2154 4644 Qualiter
2176 4584 2248 4633 ad
2277 4583 2612 4636 AEtloelredum
2645 4601 2802 4653 reqem

762 4667 788 4699 ‘⁶’
821 4668 965 4733 quia]
995 4669 1150 4734 quod,
1173 4668 1241 4717 A.
1796 4680 2026 4714 reversas
2071 4665 2168 4730 est]
2222 4664 2304 4716 De
2352 4665 2521 4717 reditu
2574 4666 2683 4726 eius
2739 4670 2806 4719 ad

767 4744 789 4776 ³
825 4746 987 4797 domoc
1020 4746 1241 4811 narras]
1296 4748 1396 4806 A.;
1449 4742 1707 4796 domium
1798 4743 2149 4796 AEthelredum
2173 4760 2360 4814 regem,
2385 4740 2434 4788 A

709 4834 951 4888 nostrum,
974 4827 1089 4878 MS.
