3600 5800
1263 893 1570 944 EP1scoP1
1616 891 2093 942 momorum.
2600 879 2726 942 243

614 1079 1042 1146 restituemur
1060 1079 1086 1119 ¹
1131 1079 1258 1145 filii
1301 1079 1463 1146 vitae
1526 1080 1600 1144 in
1662 1079 2119 1146 haereditatem
2184 1076 2462 1145 caelestis
2521 1077 2724 1164 regni.
2751 1088 2864 1139 The

613 1179 742 1247 Per
769 1181 972 1248 Hunc
1017 1188 1512 1269 corregnanoem
1561 1181 1704 1247 sibi
1757 1181 1832 1245 in
1876 1181 2066 1259 melis,
2100 1184 2170 1245 et
2196 1179 2575 1246 hominibus
2620 1201 2724 1247 00-
2749 1155 3038 1287 2333&

613 1282 1032 1349 habitantem
1083 1284 1157 1348 in
1215 1284 1427 1361 terris,
1471 1284 1797 1348 Divinum
1860 1282 2309 1368 dispositionis
2354 1281 2509 1348 Suae
2553 1303 2724 1348 rese·
2747 1286 2872 1339 tion.

613 1384 795 1450 ravit
836 1385 1266 1471 mysterium3
1309 1386 1383 1450 in
1412 1391 1663 1471 quanta
1691 1385 1942 1452 scilicet
1984 1384 2428 1451 misericordia
2470 1384 2725 1450 salvare

618 1487 987 1553 decreverit
1011 1485 1037 1526 2
1064 1486 1246 1552 Deus
1277 1487 1446 1554 filios
1475 1487 1835 1565 hominum,
1867 1509 2019 1554 cum
2046 1487 2135 1552 ad
2164 1508 2274 1552 eos
2295 1485 2727 1552 vivificandos

617 1589 694 1654 in
740 1594 1017 1655 mortem
1063 1589 1344 1656 tradidit
1361 1587 1387 1628 ³
1453 1590 1723 1657 unicum
1792 1590 2039 1654 Filium
2101 1587 2329 1653 Suum.
2438 1587 2730 1673 Accepta

616 1690 942 1777 siquidem
983 1772 990 1781 ι
1032 1692 1280 1779 injuria
1351 1691 1557 1757 illatae
1634 1689 2097 1767 contumeliae?
2168 1688 2730 1774 contemptoribus

614 1793 769 1860 Suis
815 1817 973 1861 usus
1018 1801 1121 1861 est
1164 1795 1309 1881 lege
1352 1794 1834 1869 misericordiae,
1880 1798 1962 1857 ut
2004 1791 2124 1855 ubi
2168 1790 2732 1876 superabundavit

620 1897 831 1982 culpa,
877 1897 974 1961 ibi
1017 1896 1518 1961 miserationum
1582 1894 1868 1958 Suarum
1888 1892 1913 1930 ⁶
1955 1892 2239 1978 largiora
2284 1892 2732 1957 redundarent

616 1997 935 2082 exempla.
1052 1996 1476 2062 Confirmatis
1539 1995 1765 2079 itaque
1830 1992 2169 2078 discipulis
2231 1992 2401 2071 Suis,
2449 1993 2729 2060 doctori-

615 2096 742 2162 bus
801 2093 1092 2174 nostris,⁶
1150 2096 1548 2160 Divinorum
1594 2100 2070 2181 praeceptorum
2114 2095 2437 2181 dogmate,
2470 2117 2730 2161 omnem
2757 2098 2864 2148 The
2943 2164 2953 2175 ‚

630 2219 821 2284 paene
858 2198 1002 2283 jam
1063 2198 1401 2275 mundum,
1449 2220 1490 2262 a
1536 2196 1657 2261 Sui
1719 2197 2268 2275 denominatione,
2325 2198 2448 2262 sub
2508 2197 2731 2263 Chris-
2758 2165 3028 2280 {ssffidmg

618 2299 809 2364 tiano
854 2298 1299 2386 praetitulavit
1326 2300 1630 2379 nomine3
1675 2304 2236 2385 penetraruntque
2276 2300 2480 2365 verba
2510 2321 2734 2365 eorum
2758 2297 2949 2361 gospel.

624 2400 791 2465 fines
857 2405 926 2465 et
991 2400 1268 2487 angulos
1330 2406 1691 2481 terrarum3
1758 2400 1937 2466 unde
1982 2407 2052 2466 et
2094 2402 2400 2487 pervenit
2442 2401 2605 2467 fides
2649 2404 2735 2467 ad

620 2502 932 2568 notitiam
985 2503 1284 2568 omnium
1343 2502 1736 2590 linguarum.
1852 2502 1955 2567 Ut
1999 2502 2175 2567 enim
2224 2502 2405 2567 fideli
2466 2508 2732 2590 patrum

630 2605 956 2669 traditum
1004 2610 1107 2669 est
1148 2604 1481 2683 relatione,
1518 2604 1918 2692 jamdudum
1971 2603 2102 2670 fide
2146 2604 2540 2672 illuminatis
2585 2605 2732 2671 fini·
2755 2612 2809 2662 It
2832 2627 3003 2663 comes

621 2705 748 2770 bus
792 2706 1001 2771 totius
1049 2705 1299 2783 Galliae,
1347 2706 1553 2771 serius
1613 2705 1942 2793 perlatum
2006 2711 2107 2771 est
2151 2708 2426 2772 verbum
2473 2706 2599 2774 Dei
2646 2708 2732 2774 ad
2758 2679 3051 2797 {gog-33¹.

621 2806 795 2873 hanc
838 2806 1124 2872 insulam
1171 2806 1552 2873 Britanniae.
1650 2806 1816 2888 Quae
1861 2812 2086 2874 secuta
2130 2808 2507 2894 exemplum
2554 2809 2734 2875 illius

620 2909 971 2996 Evangelii
1015 2909 1288 2975 senioris
1311 2907 1337 2949 ⁷
1396 2910 1535 2989 filii,
1584 2911 1699 2996 qui
1764 2912 1977 2996 primo
2038 2933 2412 2999 repugnans
2466 2912 2735 2999 jubenti
2758 2917 2905 2967 Matt.
2930 2917 3040 2967 xxi.

620 3012 816 3097 patri,
859 3019 1092 3099 postea
1133 3035 1291 3078 vero
1335 3013 1736 3099 poenitentia
1781 3014 2021 3080 ductus
2065 3015 2279 3080 acrius
2325 3015 2623 3101 perstitit
2662 3017 2736 3081 in
2759 2989 2843 3044 30'
2866 2984 2959 3033 ἅθ’

624 3117 998 3182 excolendis
1042 3116 1367 3182 fiuctibus
1419 3116 1636 3182 vineae
1696 3117 1907 3201 patris
1953 3115 2099 3197 sui3
2166 3138 2243 3182 eo
2288 3118 2493 3202 coepit
2537 3119 2734 3184 devo-

620 3216 756 3280 tius
819 3217 894 3279 in
964 3222 1270 3301 suscepta
1332 3215 1646 3300 religione
1714 3213 2041 3299 proficere,
2104 3236 2233 3299 quo
2298 3237 2367 3279 se
2410 3216 2589 3279 vidit
2648 3217 2736 3281 ad

621 3317 819 3383 fidem
868 3318 1122 3383 Christi
1165 3316 1421 3381 tardius
1465 3316 1741 3380 venisse.

714 3417 941 3501 Coepit
978 3415 1121 3500 jam
1166 3421 1328 3480 tunc
1350 3412 1376 3452 ⁸
1427 3414 1718 3500 propitia
1775 3414 2040 3479 bonitas
2085 3415 2158 3479 in
2202 3414 2468 3480 tribulis
2513 3415 2734 3482 dulces

622 3517 786 3584 ficus
831 3539 1180 3603 procreare,
1237 3518 1308 3580 in
1371 3518 1536 3581 rubo
1598 3517 1861 3582 decoras
1930 3537 2096 3582 uvas
2162 3516 2618 3604 multiplicare,
2667 3524 2736 3585 et

618 3617 899 3684 novellae
942 3619 1160 3705 gentis
1206 3640 1343 3683 suae
1404 3618 1676 3703 stirpem
1698 3614 1726 3654 ⁰
1785 3622 2159 3683 sanctorum
2218 3618 2508 3685 filiorum
2551 3620 2733 3708 prole

622 3722 990 3789 fecundare.
1084 3721 1273 3808 Ergo,
1304 3721 1482 3785 inter
1526 3725 1764 3786 caetera
1792 3720 2160 3787 Britanniae
2196 3722 2544 3789 Divinitus
2572 3730 2736 3791 tunc
2760 3736 2971 3803 Among

629 3824 868 3891 collata
957 3822 1326 3900 luminaria,
1402 3824 1489 3887 ad
1572 3821 1990 3907 depellendas
2064 3828 2365 3890 veterum
2445 3847 2735 3891 errorum
2758 3803 3028 3920 ῐξξὲζὲζ,

624 3925 930 3991 tenebras
974 3924 1212 3990 clarius
1257 3944 1299 3988 a
1343 3922 1486 3988 Deo
1529 3944 1814 4002 accensa,
1848 3923 2096 3990 effulsit
2139 3924 2250 3990 hic
2293 3925 2526 3990 beatus
2571 3947 2736 4011 puer
2757 3950 2803 3983 ιε,
2826 3935 2988 3997 John,

627 4027 675 4093 J
676 4026 984 4105 ohannes,
1016 4026 1205 4090 velut
1232 4025 1566 4091 matutina
1595 4025 1826 4091 stella:
1873 4025 1991 4111 qui
2034 4048 2187 4092 cum
2203 4022 2256 4063 ¹⁰
2299 4026 2385 4091 ab
2428 4027 2574 4113 ipso
2618 4048 2733 4092 no·

626 4129 827 4194 minis
857 4128 1052 4193 initio
1083 4127 1156 4191 in
1176 4127 1427 4194 Christi
1457 4127 1765 4193 initiatus
1791 4127 2024 4215 gratia,
2047 4128 2368 4216 gloriosus
2390 4127 2517 4193 Dei
2547 4128 2736 4194 miles

693 4411 711 4445 ¹
755 4410 1094 4476 restituemur]
1135 4410 1523 4475 restitueremur,
1547 4410 1615 4461 A.
1797 4410 1820 4442 ὅ
1857 4412 2068 4477 nostris]
2108 4428 2200 4475 per
2234 4448 2247 4461 .
2286 4449 2298 4462 .
2335 4449 2348 4462 .
2383 4414 2640 4479 dogmata,
2662 4414 2732 4464 A.

694 4490 717 4524 2
749 4489 1049 4555 decreverit]
1088 4488 1406 4554 decrevisset,
1428 4490 1499 4540 A.
1792 4488 1817 4528 7
1848 4490 2085 4556 servior-ie]
2123 4489 2357 4553 iunioris,
2381 4491 2450 4542 A.

691 4569 714 4602 ³
749 4568 986 4634 tradidit]
1015 4567 1293 4628 tradiderit,
1315 4568 1385 4618 A.
1787 4567 1812 4600 ⁸
1846 4568 1989 4635 tunc]
2024 4569 2164 4631 hine,
2187 4569 2254 4621 A.

695 4647 718 4679 ⁴
752 4645 1075 4712 contumelioe]
1116 4647 1216 4697 hac
1237 4645 1307 4708 in,
1329 4648 1423 4699 ins.
1446 4647 1518 4696 A.
1790 4646 1814 4679 ⁹
1848 4646 2079 4714 stirpem]
2119 4646 2293 4714 stirpe,
2315 4649 2430 4701 MS.

605 4783 614 4792 ,
691 4727 712 4759 ⁸
748 4727 989 4794 suarum]
1027 4725 1177 4790 EJus,
1200 4726 1269 4778 A.
1792 4726 1836 4760 ¹⁰
1868 4726 2000 4792 cm]
2040 4742 2142 4778 om.
2164 4729 2232 4779 Δ.

2329 4811 2462 4885 Q2
