3600 5800
1321 891 1626 940 nmscom
1673 858 2153 939 Enomcnnsm.
2639 874 2768 935 253

759 1074 1040 1142 Sanctus
1085 1079 1309 1139 autem
1339 1072 1465 1139 Dei
1512 1073 1594 1137 de
1624 1073 1820 1137 ruina
1861 1078 2098 1138 moeret
2143 1070 2510 1157 specialiter
2544 1069 2768 1136 dilecti

670 1176 990 1263 discipuli,
1038 1176 1544 1261 compositisque
1590 1176 1789 1241 saccis
1835 1175 1970 1239 suis
1993 1173 2017 1211 ¹
2063 1163 2136 1238 in
2179 1173 2466 1238 tentorio
2510 1178 2770 1238 noctem

669 1279 1033 1343 insomnem
1103 1277 1300 1353 ducit,
1363 1275 1854 1362 propitiumque
1930 1274 2290 1348 Dominum
2363 1273 2771 1339 inobedienti

676 1400 794 1444 suo
838 1379 1182 1465 propitiari
1228 1378 1529 1464 precibus
1573 1384 1643 1443 et
1685 1377 1994 1463 lacrymis
2040 1378 2364 1444 convenit.
2459 1376 2549 1441 Et
2577 1375 2772 1443 valde

672 1501 863 1545 mane
896 1480 982 1546 ad
1013 1480 1430 1545 debilitatum
1463 1501 1684 1546 carum
1721 1480 2105 1566 ingreditur.
2199 1479 2493 1543 Primum
2529 1484 2769 1556 oratur,

671 1588 738 1646 et
779 1582 1015 1647 deinde
1063 1582 1238 1647 dulci
1283 1582 1524 1647 affectu
1569 1603 1653 1647 ex
1697 1583 1963 1648 nomine
2007 1579 2424 1668 appellatur.²
2514 1578 2604 1644 Et
2647 1580 2770 1644 mi·
2795 1596 2937 1647 John

669 1704 815 1746 rum
862 1684 934 1747 in
978 1683 1262 1760 modum,
1312 1705 1461 1748 cum
1506 1704 1547 1747 a
1591 1683 2022 1768 praecedentis
2075 1682 2207 1747 diei
2268 1681 2431 1745 hora
2490 1680 2772 1764 septima

2793 1664 2978 1724 speaks
3000 1670 3056 1714 to

2793 1728 2918 1789 him,
2927 1729 3028 1779 and
3040 1730 3105 1780 he

669 1806 873 1869 usque
918 1785 1006 1849 ad
1049 1784 1218 1848 illud
1261 1805 1454 1848 mane
1502 1784 1689 1868 quasi
1735 1782 2060 1847 exanimis
2098 1782 2398 1868 jacuerit,
2442 1802 2483 1845 a
2529 1780 2771 1847 Sancto
2795 1807 3030 1845 sumere.

666 1885 792 1950 Dei
857 1892 1146 1960 vocatus»,
1211 1884 1398 1969 quasi
1460 1884 1540 1947 de
1602 1883 1791 1967 gravi
1857 1903 2083 1947 somno
2145 1882 2486 1959 excitatuS,
2553 1881 2771 1948 oculos

667 1988 897 2071 aperit,
964 1993 1032 2051 et
1097 1987 1171 2048 in
1233 1985 1452 2047 virum
1520 1983 1648 2049 Dei
1714 1982 2052 2048 attendit.³
2181 1983 2557 2070 Interrogat
2621 1985 2772 2070 pius

673 2090 898 2154 doctor
942 2094 1168 2152 utrum
1215 2091 1526 2172 agnoscat
1569 2086 2049 2172 colloquentem
2096 2087 2259 2164 sibi3
2326 2108 2611 2173 moxque
2672 2110 2771 2153 re-

672 2189 953 2276 spondet
1044 2194 1329 2274 aegrotus
1396 2209 1556 2254 voce
1629 2182 2057 2274 lacrymabili,
2130 2197 2163 2223 “
2185 2187 2287 2252 Tu
2351 2188 2470 2266 eS‚''
2535 2188 2771 2274 inquit,

673 2300 706 2324 “
736 2290 782 2355 J
784 2289 1079 2356 ohannes
1125 2290 1480 2375 episcopm„
1513 2288 1976 2356 dilectissimus
2021 2289 2326 2355 dominus
2370 2289 2608 2355 meus.”
2685 2290 2775 2355 Et

667 2391 779 2456 ille
801 2416 815 2470 ;
834 2391 861 2429 ⁴
907 2399 940 2426 “
963 2390 1304 2468 Putasne,''
1349 2390 1586 2476 inquit,
1637 2400 1670 2425 “
1691 2412 1776 2456 ex
1821 2391 2100 2457 instanti
2132 2393 2420 2477 periculo
2451 2415 2601 2459 cum
2631 2394 2776 2458 vita

677 2502 712 2527 “
755 2514 942 2578 posse
988 2492 1266 2558 evadere
1297 2491 1371 2557 ?’'
1429 2500 1462 2527 “
1483 2490 1632 2557 Scio
1684 2498 1753 2558 et
1804 2493 2052 2571 cred0,’'
2097 2493 2209 2558 ille
2256 2495 2493 2580 inquit,
2542 2502 2577 2530 “
2605 2494 2663 2559 si
2709 2501 2777 2560 et

675 2602 710 2629 “
751 2615 870 2679 per
936 2615 1157 2680 preces
1223 2600 1373 2659 tuas
1437 2593 1561 2660 hoc
1622 2594 1788 2659 mihi
1853 2593 2035 2660 Deus
2102 2596 2463 2661 annuerit.''
2597 2595 2776 2677 Quid

667 2695 910 2782 plura?
1018 2695 1314 2780 Imponit
1373 2694 1615 2780 praesul
1676 2695 1806 2761 Dei
1867 2717 2102 2761 manus
2165 2697 2493 2763 confi-acto
2553 2698 2773 2784 capiti,

669 2802 954 2862 sacratas
999 2817 1205 2881 aquas
1259 2796 1607 2863 debilitato
1667 2797 1908 2864 irrorat
1951 2799 2246 2885 corpori3
2307 2799 2523 2865 Deum
2585 2799 2773 2866 invo-
2799 2802 2943 2855 John
2965 2816 3109 2854 cures

671 2920 823 2965 cans
869 2921 1147 2966 cernuus
1192 2897 1293 2963 illi
1338 2897 1655 2986 inspirat3
1697 2899 1935 2965 deinde
1978 2922 2167 2968 cruce
2212 2902 2448 2988 signat,
2482 2908 2552 2967 et
2594 2902 2772 2967 subi-

671 3006 810 3065 tam
871 3001 1194 3070 medelam
1254 3000 1435 3065 Deus
1493 3007 1782 3087 praestat.
1907 3000 2055 3068 Hoc
2098 3004 2338 3088 saepius
2398 3003 2575 3068 idem
2634 3004 2773 3090 ipse

672 3102 993 3168 referebat
1051 3108 1281 3188 postea
1342 3103 1556 3167 multa
1599 3103 1838 3168 vivens
1894 3109 2191 3189 tempora
2211 3129 2226 3183 ;
2244 3103 2270 3142 ⁵
2329 3106 2775 3190 maturiorque

651 3208 888 3280 ‘etate>
934 3203 1148 3268 factus
1211 3208 1312 3267 est
1355 3204 1561 3268 abbas
1605 3204 2156 3290 vigilantissimus
2218 3226 2294 3269 eo
2338 3206 2411 3269 in
2456 3207 2613 3283 loeo,
2659 3207 2776 3270 ubi

671 3305 941 3389 pelagus
985 3303 1212 3367 influit
1252 3301 1438 3386 Tyne
1481 3302 1742 3379 fluvius,
1789 3304 1967 3367 unde
2016 3309 2086 3368 et
2115 3303 2515 3368 Tinemutha
2531 3304 2558 3343 ⁶
2600 3304 2776 3369 idem

669 3403 913 3468 dieitur
955 3402 1148 3468 loeus.

743 3674 757 3706 ¹
793 3673 931 3737 suis]
971 3688 1071 3723 om.
1095 3673 1165 3721 A.
1837 3673 1858 3705 ⁶
1893 3673 2049 3724 multa
2096 3676 2267 3726 vivens
2316 3679 2558 3745 tempora]
2622 3680 2775 3747 longo

747 3779 768 3811 ²
805 3755 1118 3843 appelletur]
1156 3776 1495 3839 compellatur
1517 3775 1679 3828 Here-
1769 3753 1947 3865 Vitem
1968 3763 2214 3821 tempore»
2241 3758 2305 3807 Α·

679 3857 880 3906 baldus,
1895 3833 2237 3898 Tynemouth,
2270 3851 2337 3886 on
2376 3837 2463 3888 the
2499 3840 2774 3888 Nox-thum-

743 3961 766 3993 ³
980 3961 989 3972 .
1077 3957 1090 3970 .
1255 3958 1265 3969 .
1770 3909 1913 3961 brian
1936 3912 2075 3962 bank
2112 3912 2173 3963 of
2208 3914 2295 3964 the
2333 3913 2498 3978 Tyne,
2522 3916 2610 3965 the
2632 3916 2774 3966 ruins

798 3959 1037 4025 munda]
1075 3961 1309 4021 mten‘ht'
1331 3959 1400 4009 A·
1769 3988 1830 4040 of
1859 3990 2026 4042 which
2066 4000 2350 4058 monastery
2373 3994 2478 4042 still
2509 3994 2771 4060 oven-hang

744 4066 764 4097 ⁴
802 4064 911 4131 ille]
952 4064 1082 4130 ipse,
1098 4066 1166 4114 A.
1769 4069 1861 4120 the
1884 4086 1985 4122 sea,

2795 2868 2917 2921 him.
