3600 5800
823 835 954 902 182
1433 847 1600 896 mx
1642 847 1971 898 WEFBmI
2017 847 2321 897 nprsoom

918 1033 1098 1099 Hinc
1142 1032 1388 1119 quique
1433 1031 1837 1119 perpendite,
1885 1031 2048 1119 quid
2091 1031 2265 1119 signi
2310 1029 2680 1118 praetulerit
2739 1051 2934 1117 super

830 1136 974 1221 ejus
1018 1133 1348 1202 cunabula
1391 1132 1647 1199 caelitus
1692 1132 1920 1198 lumen
1962 1132 2289 1198 radiantis
2331 1132 2631 1202 flammae.

1544 1358 1991 1443 [CAPrrULUM
2036 1356 2214 1443 XX]

489 1532 789 1662 {hm
825 1515 2932 1704 ωὲωῗθῗξῗῗῗῖὲῖῗῗὲξθὲὴᾞζὲἒὲἷῖεᾚίἲὶωὲἕὲἰ

490 1664 656 1782 εἰξιξέθ
826 1723 1006 1800 bant,
1055 1726 1124 1787 et
1166 1720 1509 1806 pontifices
1553 1719 1788 1785 Di'vini
1835 1718 2280 1805 operationem
2324 1719 2629 1803 mysterii
2675 1740 2931 1783 summo

828 1824 1050 1890 studio
1094 1825 1503 1891 exercebant.
1593 1822 1774 1888 Hinc
1817 1821 2056 1909 regalis
2100 1820 2520 1907 providentia
2563 1821 2687 1888 hoc
2731 1822 2935 1907 potis-

827 1927 1069 1992 simum
1114 1948 1250 2012 pree
1310 1948 1378 1990 55
1438 1925 1708 2012 gerebat
1775 1944 2066 2009 quosque
2134 1922 2551 1988 subditorum
2616 1924 2826 2010 magis
2893 1944 2936 1989 a

826 2028 1158 2115 pravitate
1202 2048 1458 2092 morum
1503 2024 1895 2103 abstrahere,
1943 2045 2142 2111 quam
2186 2023 2553 2111 cupiditate
2597 2023 2802 2089 animi
2832 2046 2935 2089 res

827 2152 1051 2197 eorum
1098 2129 1478 2217 deripiendo
1523 2127 1901 2194 distrahere.
1994 2127 2062 2192 Ν
2065 2149 2138 2194 55
2182 2128 2320 2194 ulla
2363 2127 2458 2193 eis
2518 2148 2674 2193 cura
2720 2129 2938 2193 fuerat

829 2255 1029 2322 quam
1075 2233 1374 2310 subditis,
1422 2232 1536 2296 sed
1604 2252 1804 2317 quam
1866 2231 2057 2296 bonis
2125 2230 2254 2318 ipsi
2300 2234 2665 2318 regnarent.
2759 2229 2937 2295 Hinc

827 2335 1259 2402 nihilominus
1304 2332 1721 2401 sacerdotalis
1765 2353 1938 2419 apex
1984 2333 2088 2398 sui
2135 2332 2329 2399 officii
2359 2332 2734 2419 plenissime
2763 2353 2934 2399 com-

826 2460 945 2526 pos
975 2439 1304 2515 extiterat,
1337 2437 1434 2502 eis
1477 2435 1884 2502 solummodo
1919 2456 2041 2501 sua
2081 2436 2427 2523 diligentia
2462 2456 2724 2522 operam
2768 2456 2935 2520 prae-

828 2541 1006 2617 bens,
1052 2539 1140 2605 ad
1186 2560 1334 2625 quae
1380 2537 1588 2624 ipsius
1635 2537 1884 2602 01611115
1929 2537 2277 2603 institutor
2335 2541 2405 2603 et
2463 2541 2693 2603 auctor
2751 2535 2933 2601 Deus

827 2643 1046 2728 ipsum
1114 2639 1426 2706 instituit.
1536 2639 1703 2705 Haec
1769 2645 2037 2726 propter
2081 2664 2310 2704 summa
2343 2647 2509 2718 quies
2552 2642 2694 2704 erat
2751 2646 2932 2719 plebi,
2958 2641 3258 2709 Fridegode‚

826 2751 1045 2823 legalia
1070 2751 1210 2823 jura
1242 2749 1467 2807 tenenti
1482 2773 1504 2817 5
1552 2747 1729 2807 terra
1772 2742 2074 2829 frugibus
2104 2746 2175 2807 et
2203 2740 2684 2827 tranquillitate
2715 2739 2936 2826 opima
2962 2713 3076 2760 ⁵³²·

829 2845 966 2911 suis
1033 2843 1396 2912 cultoribus
1459 2864 1593 2910 non
1659 2843 1856 2910 modo
1923 2848 2281 2931 egestatem
2343 2843 2636 2922 tollebat,
2705 2842 2819 2910 sed
2865 2846 2936 2909 et

829 2948 1009 3033 operi
1054 2947 1182 3013 Dei
1227 2947 1472 3033 absque
1517 2946 1958 3012 soliicitudine
2003 2946 2416 3014 saecularium
2460 2968 2680 3012 rerum
2709 2965 2934 3013 curam

830 3050 1207 3136 impendere
1271 3047 1713 3135 permittebat.
1806 3054 2071 3113 Classica
2105 3056 2236 3112 dira
2269 3055 2447 3113 silent
2458 3087 2476 3131 3
2546 3068 2668 3114 nec
2733 3047 2932 3113 latro·
2960 3057 3092 3109 11118.
3115 3062 3233 3112 535.

828 3174 990 3218 1111111
1035 3152 1321 3220 1115111510
1365 3151 1771 3218 formidatur.
1866 3149 2044 3230 Quid
2072 3149 2265 3236 plura
2291 3154 2315 3217 ἲ
2344 3155 2425 3216 ut
2467 3154 2706 3219 cuncta
2748 3150 2936 3216 brevi

828 3254 1096 3334 edicam,

1280 3414 1577 3472 Promicat
1612 3413 1858 3471 ecclesia
1891 3419 2099 3487 pacato
2133 3413 2356 3471 foedere
2390 3432 2553 3472 nexa.
2961 3422 3094 3474 Ibid.
3119 3426 3235 3474 536.

831 3559 997 3641 Quae
1043 3561 1125 3623 ut
1169 3557 1468 3624 diabolus
1512 3556 1703 3635 vidit,
1732 3555 1998 3644 propria
2042 3556 2169 3621 sibi
2214 3555 2489 3643 maligm
2469 3556 2630 3623 'tate
2674 3554 2937 3636 invidit,

829 3667 899 3728 et
945 3666 1237 3728 tractans
1289 3681 1508 3727 secum
1560 3661 1740 3747 pacis
1814 3660 2287 3747 interruptioni
2359 3681 2587 3728 causas
2661 3661 2935 3751 invenit.

834 3760 1092 3848 Spiritu
1135 3781 1420 3847 namque
1450 3761 1773 3848 superbiae
1819 3782 1957 3827 suae
2000 3760 2266 3826 invadit
2308 3765 2574 3848 gentem
2606 3760 2938 3826 Pictorum

826 3865 901 3929 in
946 3868 1226 3942 tantum,
1272 3869 1353 3929 ut
1397 3885 1474 3930 ea
1516 3885 1677 3951 gens
1727 3863 1930 3950 (quod
1975 3884 2228 3957 semper
2271 3863 2439 3928 ferre
2485 3856 2936 3949 consueverat)

827 3965 1002 4030 bello
1044 3985 1087 4030 a
1131 3987 1199 4031 se
1244 3969 1600 4051 temptaret
1643 3968 1949 4030 excutere
1985 3963 2227 4051 jugum
2271 3963 2652 4050 Anglorum.

1547 4229 1993 4313 [CAPITULUM
2041 4228 2257 4313 XXLJ

491 4429 595 4479 Kin
562 4445 627 4495 ng
654 4431 787 4497 Ecg-
924 4413 1200 4479 Praefuit
1259 4433 1336 4478 eo
1381 4417 1673 4497 tempore
1740 4434 1941 4499 regno
1988 4412 2056 4477 N
2059 4413 2671 4481 ordanhimbrorum
2735 4418 2938 4484 Eefri-

490 4496 750 4627 {223⁰ch
837 4518 976 4595 dus,
1008 4516 1184 4581 filius
1217 4516 1423 4581 Oswii
1469 4516 1655 4603 15815,
1704 4517 1819 4602 qui
1865 4516 2040 4604 patri
2085 4539 2205 4583 suo
2249 4519 2323 4584 in
2373 4542 2647 4608 regnum
2694 4543 2940 4587 succes-

492 4628 647 4680 riets.
836 4627 1012 4687 serat
1036 4645 1051 4700 ;
1079 4622 1186 4685 vir
1229 4621 1301 4685 in
1346 4620 1545 4686 armis
1590 4626 1911 4700 strenuus,
1959 4626 2029 4688 et
2059 4621 2251 4689 Beati
2296 4622 2588 4689 Wilfridi
2632 4624 2941 4691 amicitiis

832 4720 1251 4786 vehementer
1287 4721 1611 4788 astrictus.
1675 4721 1808 4789 Hic
1852 4744 2006 4810 ergo
2035 4724 2334 4811 pontifici
2355 4725 2695 4812 negotium
2724 4723 2940 4792 Picto-
