3600 5800
939 861 1074 922 432
1584 875 1748 924 vrrA
1793 876 2037 924 SANc‘rl
2083 875 2409 937 OSWALDJ,

1027 1060 1077 1124 Ι
1069 1060 1203 1125 nde
1247 1060 1446 1146 refert
1490 1061 1770 1127 uvzbras
1815 1082 1987 1146 vaya
2032 1061 2154 1126 lux
2198 1058 2483 1126 Phoebea
2527 1056 2860 1125 sinistras.

1119 1161 1326 1227 Terra
1362 1168 1551 1248 patet
1593 1162 1791 1228 nullo
1836 1162 2245 1229 continuata
2288 1159 2477 1238 vad0‚

1030 1262 1191 1344 Quoe
1234 1285 1339 1330 me
1382 1272 1551 1330 sorte
1595 1263 1756 1330 decli
1798 1262 2067 1349 iynotis,
2113 1263 2405 1348 ὁμοίως,
2450 1262 2780 1340 alumnis,

1117 1365 1294 1446 Quos
1342 1365 1650 1432 Christus
1693 1386 1948 1451 semper
1993 1364 2212 1442 salvet,
2257 1364 2548 1441 honoret,
2594 1363 2810 1431 ama)

1024 1509 1190 1577 Haec
1233 1512 1315 1577 de
1360 1511 1488 1578 loci
1531 1511 1858 1599 positione
1903 1511 1991 1577 ab
2049 1510 2167 1577 ino
2211 1510 2577 1597 Theophilo
2621 1510 2803 1577 dicta
2863 1509 3043 1574 suffi-

934 1611 1156 1692 ciant3
1208 1633 1328 1677 nos
1373 1633 1529 1678 vero
1582 1610 1837 1697 aliquid
1883 1612 1965 1678 de
2010 1612 2275 1678 nomine
2321 1612 2530 1697 ipsius
2574 1611 2703 1678 Ioci
2747 1612 3043 1698 dispute-

935 1736 1096 1780 mus,
1188 1714 1355 1781 Nisi
1398 1714 1587 1782 e‘mlm
1630 1736 1880 1781 ‘nomen
1942 1714 2187 1792 scieris,
2250 1713 2561 1800 coquitiO,
2608 1720 2687 1780 ut
2730 1714 3045 1800 magister

935 1815 1332 1902 Hieronymi
1350 1815 1375 1854 ²
1418 1818 1535 1894 ait,
1581 1838 1817 1883 rerwm
1864 1815 2060 1902 perit.
2154 1816 2422 1883 Dicitur
2465 1816 2641 1883 idem
2696 1817 3042 1902 Ramesige

933 1918 1020 1984 ab
1076 1918 1419 2004 adjacente
1473 1918 1837 2006 praevalido
1882 1925 2133 2006 stagno,
2183 1919 2361 2004 quod
2426 1920 2910 1986 Rammesmere
2956 1919 3042 1984 ab

934 2018 1165 2086 incolis
1210 2025 1647 2106 nuncupatur.

594 2127 704 2206 Τιις
725 2128 856 2179 deri-
1027 2120 1148 2186 Est
1191 2127 1261 2185 et
1303 2119 1489 2186 aliud
1547 2126 1860 2208 stagnum
1924 2141 2109 2187 secus
2176 2120 2411 2199 locum,
2458 2122 2545 2187 xl.
2593 2121 2846 2188 scilicet
2907 2127 3041 2187 sta-

596 2195 916 2327 ζῗζζῖὓῗξς
936 2223 1213 2301 diorum,
1261 2224 1438 2309 quod
1499 2224 1721 2292 cuncti
1769 2224 1887 2309 qui
1949 2229 2283 2289 noverunt
2326 2224 2666 2311 appellant
2718 2224 3043 2300 Ra-merc,

595 2328 686 2376 the
709 2328 849 2378 word
933 2348 1011 2391 eo
1075 2327 1253 2412 quod
1305 2326 1510 2414 juxta
1569 2326 1939 2392 mansitant
2005 2325 2113 2392 vel
2182 2325 2542 2392 decurrunt
2615 2326 2895 2413 capreoli
2972 2331 3042 2392 et

597 2393 835 2459 Ramsey.
932 2427 1264 2514 capreolae‚
1338 2448 1594 2495 necnon
1671 2428 1857 2493 mirae
1939 2427 2422 2515 magnitudinis
2497 2429 2692 2495 cervi.
2814 2428 3041 2494 Potaet

934 2531 1095 2596 satis
1162 2535 1319 2617 apte
1386 2530 1733 2616 Ramesige
1803 2530 2056 2597 dictum
2103 2551 2242 2596 esse
2303 2552 2388 2596 ex
2446 2531 2649 2597 ramis
2693 2535 2765 2597 et
2808 2529 3042 2606 insula,

934 2632 1176 2700 idcirco
1220 2632 1397 2718 quod
1458 2631 1677 2698 insula
1721 2631 1840 2698 illa
1882 2632 1973 2697 sit
2036 2632 2295 2719 magnis
2359 2631 2705 2698 arboribus
2766 2632 3042 2699 circum·

933 2739 1173 2820 sept-,ap
1215 2738 1286 2799 et
1328 2732 1547 2798 insula
1588 2731 1938 2801 abundans
1982 2733 2129 2820 ipsa
2173 2733 2280 2798 vel
2324 2733 2566 2800 referta.
2608 2734 2864 2821 magnis
2909 2734 3042 2820 pis-

933 2834 1137 2913 cibus,
1204 2833 1458 2912 avibus,
1529 2854 1812 2920 quorum
1874 2855 2119 2922 genera
2180 2855 2316 2901 non
2390 2840 2550 2902 sunt
2609 2857 2748 2924 prae
2814 2833 3043 2901 multi-

934 2936 1171 3002 tudine
1233 2927 1525 3003 dicenda.
1624 2935 1842 3002 Juxta
1904 2936 2305 3024 superiorem
2370 2958 2633 3003 sensum
2697 2958 3042 3024 possumus

935 3038 1143 3123 ipsius
1209 3037 1336 3105 loci
1410 3058 1654 3104 nomen
1720 3037 1988 3123 dignius
2052 3037 2410 3125 explanare
2473 3043 2544 3104 et
2604 3038 3042 3125 interpretari.

936 3140 1299 3227 Ramesege
1376 3160 1417 3205 a
1492 3139 1695 3205 ramis
1756 3139 1891 3205 dici
1955 3139 2430 3207 convenienter
2491 3143 2727 3226 potest,
2797 3140 2855 3205 si
2921 3139 3047 3207 hoc

933 3240 1185 3328 expleri
1230 3241 1442 3307 sancti
1488 3240 1701 3307 coloni
1747 3240 2128 3306 desiderant
2173 3240 2500 3326 operibus,
2544 3240 2722 3326 quod
2766 3240 3041 3327 syllabae

932 3347 1173 3407 sonant
1217 3342 1290 3406 in
1332 3340 1646 3427 apicibus.
1741 3339 1817 3406 Si
1865 3340 2041 3406 enim
2102 3341 2529 3406 meminerint,
2572 3340 2817 3427 egregii
2863 3341 3042 3407 vatis

935 3445 1131 3521 dicta,
1179 3450 1341 3510 tunc
1386 3449 1584 3509 erunt
1627 3464 1782 3508 vere
1845 3442 2015 3508 rami
2062 3442 2336 3508 floribus
2381 3442 2580 3528 pleni,
2628 3443 2802 3509 sicut
2863 3442 3039 3508 idem

597 3553 829 3633 Emkjel,
936 3546 1116 3624 dicit,
1163 3566 1378 3611 ramos
1437 3551 1693 3610 vestros
1753 3544 2098 3609 extendite
2143 3549 2213 3609 et
2278 3544 2521 3611 florete.
2614 3543 2857 3610 Ramos
2922 3542 3039 3608 ho-

593 3637 769 3673 xxm.
795 3628 842 3673 ⁸·
934 3655 1120 3715 neste
1166 3647 1504 3734 expandit,
1548 3646 1665 3732 qui
1711 3646 1782 3710 in
1828 3644 2019 3712 bonis
2061 3645 2369 3731 operibus
2414 3646 2711 3733 quotidie
2755 3650 3043 3732 perstat3

937 3750 1127 3817 flores
1171 3748 1461 3836 digniter
1505 3746 1770 3834 profert,
1820 3747 1936 3832 qui
1980 3747 2237 3814 talenta
2296 3747 2425 3813 sibi
2485 3746 2830 3814 commissa
2891 3745 3041 3813 aliis

935 3851 1218 3918 libenter
1261 3849 1576 3918 concedit.
1672 3847 1898 3935 Siquis
1927 3853 2155 3914 autem
2199 3847 2404 3914 alium
2451 3850 2670 3927 verbo,
2706 3848 2837 3934 (ut)
2880 3848 3040 3914 dici·

937 3959 1064 4032 tur,
1112 3953 1220 4019 vel
1284 3951 1604 4037 exemplo,
1651 3951 1845 4016 bonis
1912 3950 2236 4036 operibus,
2283 3951 2425 4016 sive
2493 3971 2678 4017 sacra
2743 3950 3046 4018 doctrina

938 4055 1272 4133 erudierit,
1319 4053 1510 4119 flores
1557 4051 1829 4119 Christo
1874 4051 2142 4138 profert,
2188 4072 2309 4139 pro
2354 4051 2613 4138 quibuS,
2658 4052 2866 4132 sertis,
2908 4071 3044 4115 non

939 4163 1204 4226 tantum
1251 4155 1399 4223 dico
1435 4154 1573 4220 'tibi
1619 4153 1827 4230 denis,
1873 4153 1988 4218 sed
2031 4155 2235 4219 etiam
2280 4152 2585 4233 milleniS,
2630 4154 2805 4223 sicut
2845 4175 3045 4220 vene-

1557 4321 1577 4343 ·
1611 4313 1949 4368 circumsepta]
1969 4314 2251 4366 circundata,
2268 4315 2429 4362 iuml.

1006 4581 1023 4613 ¹
1056 4582 1266 4634 Instead
1290 4578 1351 4630 of
1366 4578 1469 4630 this
1492 4580 1592 4629 last
1615 4578 1735 4639 line,
1755 4575 1943 4628 Mabil-
2112 4575 2136 4609 ²
2169 4575 2257 4630 Sc.
2283 4576 2539 4640 Donatus,
2562 4576 2648 4629 the
2669 4576 3029 4644 grammarian.

938 4661 1027 4712 lon
1063 4661 1157 4712 has
1182 4680 1194 4711 :
1241 4662 1270 4690 ‘⁸
1288 4660 1451 4722 Quos,
1469 4658 1746 4710 Benedictc
1782 4663 1946 4721 pater,

937 4744 971 4771 “
998 4741 1116 4804 jure
1135 4746 1279 4790 tuere
1302 4738 1503 4803 ραι-ΜΡ
