3600 5800
883 813 1014 875 496
1751 826 2119 875 ΑΡΡΕΝΒΙΧ.

542 1012 780 1072 Eadmer,
881 1006 1074 1063 cebris
1110 1008 1372 1062 animum
1412 1007 1642 1064 devicta
1689 1014 2058 1081 supponeret.
2133 1008 2255 1064 Sua
2288 1000 2465 1064 enim
2521 1013 2649 1065 erat
2696 1008 2994 1064 industria

540 1093 652 1143 081)-
679 1095 804 1128 xxv·
880 1092 950 1140 ut
983 1087 1154 1156 virgo
1191 1086 1508 1141 divortium
1560 1093 1866 1158 quaereret,
1908 1093 2196 1159 quatenus
2245 1087 2517 1145 libertate
2571 1089 2761 1160 potita
2808 1105 2993 1142 saecu-

878 1176 1004 1230 lum
1052 1177 1403 1249 relinquere,
1456 1176 1526 1235 et
1579 1170 1747 1256 Regi
1791 1178 2041 1237 aeterno
2092 1179 2345 1235 feliciter
2393 1181 2679 1236 inhaerere
2749 1176 2987 1257 posset.

883 1268 972 1331 Et
1017 1276 1236 1332 factum
1286 1283 1374 1332 est
1421 1271 1535 1336 ita.
1628 1280 1784 1335 Nam
1831 1294 1979 1337 cum
2028 1271 2167 1357 regi
2213 1277 2545 1337 constaret
2591 1282 2757 1335 nullo
2802 1270 2990 1335 illam

881 1378 1052 1440 pacto
1090 1389 1125 1423 a
1159 1371 1457 1455 proposito
1491 1390 1657 1444 posse
1682 1374 1917 1438 mutari,
1944 1374 2128 1428 licet'
2112 1373 2348 1437 invitus,
2376 1373 2662 1428 concessit
2690 1378 2757 1427 ut
2778 1373 2992 1428 relicto

882 1451 1113 1516 saeculo,
1152 1441 1325 1506 sicut
1357 1450 1608 1517 volebat,
1645 1452 2005 1521 virginitatis
2039 1452 2308 1505 velamen
2344 1452 2653 1524 acciperet.

544 1532 709 1593 Idem,
790 1597 803 1609 ‚
954 1537 1376 1609 Ermenburgis
1399 1556 1556 1603 vero,
1586 1530 1890 1615 quaedam
1936 1530 2175 1594 mulier
2218 1529 2425 1594 nobili
2471 1537 2619 1596 orta
2662 1532 2991 1617 progenie,

544 1614 655 1664 ΩΨ·
679 1614 822 1648 ¹¹¹⁰·
880 1625 1067 1694 regali
1105 1625 1376 1697 conjugio
1412 1627 1734 1697 copulatur.
1826 1627 1943 1682 Per
1992 1626 2177 1682 hanc¹
2234 1618 2412 1683 enim
2464 1627 2732 1683 diabolus
2767 1627 2988 1693 odium,

884 1712 1039 1782 quod
1094 1718 1298 1767 contra
1349 1714 1542 1767 virum
1592 1713 1703 1768 Dei
1753 1714 2026 1777 habebat,
2073 1712 2348 1785 exercet,
2388 1716 2646 1771 animum
2684 1706 2865 1769 illius
2902 1716 2992 1769 in-

876 1797 1051 1869 jectis
1123 1792 1519 1877 quibusdam
1546 1790 1571 1830 ²
1629 1801 2027 1857 simultatibus
2088 1802 2362 1858 adversus
2437 1819 2570 1855 eum
2644 1802 2990 1857 inflammat.

884 1880 1273 1948 Quamobrem
1308 1880 1514 1951 gloriae
1550 1880 1946 1952 dignitatique
1995 1881 2179 1952 ipsius
2216 1882 2481 1937 invidere
2517 1882 2716 1953 coepit,
2754 1888 2816 1936 et
2852 1898 2994 1952 quo-

883 1980 1019 2017 nam
1056 1963 1227 2017 modo
1264 1980 1400 2019 eum
1448 1963 1742 2034 dignitate
1796 1981 1903 2018 sua
1948 1964 2216 2034 spoliare,
2255 1982 2324 2019 ac
2368 1962 2682 2048 spoliatum
2739 1964 2993 2035 abjicere

884 2049 1079 2112 posset
1114 2043 1442 2098 occasiones
1486 2060 1772 2115 quaerere.
1846 2042 2127 2113 Exposita
2161 2036 2432 2100 tandem
2478 2035 2619 2120 regi
2652 2043 2994 2098 divitiarum

885 2121 1014 2184 viri
1082 2121 1210 2186 Dei
1268 2129 1644 2193 abundantia,
1683 2129 2082 2185 coenobiorum
2144 2131 2545 2196 multitudine,
2610 2130 2993 2185 aedificiorum

817 2241 826 2255 ι
884 2210 1311 2279 magnitudine,
1353 2210 1720 2265 subditorum
1770 2210 2104 2281 principum
2152 2212 2348 2277 turba,
2390 2211 2613 2275 intulit,
2668 2211 2813 2264 “Et
2852 2209 2995 2280 quid

913 2292 1261 2389 ‘amplius
1244 2309 1367 2363 lpse
1389 2293 1521 2357 tibi,
1551 2309 1725 2386 quam
1749 2296 1817 2346 tu
1836 2291 1993 2346 sibi?
2065 2293 2279 2349 Totum
2303 2311 2555 2364 regnum
2579 2299 2746 2347 tuum
2773 2291 2996 2363 episco-

892 2378 928 2402 “
968 2382 1141 2447 patus
1166 2376 1351 2447 ipsius
1386 2382 1491 2431 est.
1565 2375 1644 2430 Et
1666 2375 1717 2428 si
1743 2380 1848 2429 tua
1871 2383 2127 2446 potestas
2152 2378 2279 2447 ejus
2303 2375 2580 2448 potestati
2605 2379 2997 2446 comparatur,

891 2459 930 2484 “
969 2459 1162 2513 minor
1201 2462 1308 2513 est.
1381 2456 1689 2512 Terminus
1716 2456 1874 2511 enim
1901 2456 2131 2529 imperii
2158 2461 2245 2515 tui
2283 2459 2406 2514 suis
2432 2458 2646 2512 finibus
2680 2461 2996 2511 coartatur.

892 2542 930 2566 “
970 2542 1282 2596 Terminus
1343 2547 1537 2595 autem
1597 2541 1791 2611 episeo
1835 2546 1968 2597 atus
2028 2543 2156 2612 ejus
2214 2548 2348 2598 tuos
2408 2541 2554 2597 fines
2617 2539 2997 2612 progreditur

893 2622 930 2646 “
971 2621 1316 2674 auctoritate
1351 2615 1420 2674 et
1465 2617 1770 2677 transcen
1818 2612 1890 2675 it.
1983 2621 2194 2677 Fateor
2243 2614 2436 2690 enim,
2473 2619 2739 2675 fidelibus
2778 2617 2896 2673 tuis
2935 2624 2997 2673 et

890 2700 927 2723 “
968 2698 1172 2751 81111018
1209 2704 1297 2751 est
1331 2698 1678 2762 timendum,
1717 2717 1791 2754 ne
1842 2701 1893 2754 si
1942 2701 2252 2771 aliquando
2302 2700 2529 2756 inimici
2565 2698 2657 2752 tui
2693 2704 2897 2752 contra
2930 2704 2995 2752 te

894 2783 930 2806 ‘⁶
969 2796 1131 2833 arma
1165 2782 1539 2874 susceperint,
1578 2781 1723 2852 ipse,
1754 2799 1930 2851 quam
1966 2783 2249 2854 praedicat
2283 2802 2488 2855 pacem
2524 2780 2834 2877 sequendo,
2860 2798 2996 2837 81108

891 2865 929 2890 “
970 2862 1043 2917 ab
1078 2862 1255 2917 armis
1289 2862 1578 2921 immunes
1615 2865 1887 2932 retineat,
1921 2871 2103 2938 tuque
2134 2873 2372 2924 tuorum
2409 2864 2705 2940 paucitate
2740 2864 2997 2950 inimicis

892 2947 929 2971 “
970 2942 1213 2997 inferior
1264 2943 1456 2998 victus
1511 2945 1832 3000 occumbas.
1961 2938 2327 3025 Eapropter
2398 2965 2472 3004 ne
2522 2937 2692 3001 forte
2736 2936 2807 3000 in
2853 2937 2998 3022 ipso

892 3031 928 3056 ‘⁸
972 3022 1220 3107 negotii
1269 3028 1422 3087 actu
1470 3039 1571 3086 tua
1607 3032 1798 3088 virtus
1841 3033 2094 3102 decidat,
2137 3055 2269 3107 quae
2319 3037 2531 3091 obsunt
2567 3030 2799 3090 cautus
2854 3052 2999 3105 prae·

895 3124 931 3148 ‘⁸
973 3119 1194 3175 ordina.
1268 3121 1380 3175 Tui
1416 3111 1594 3176 enim
1631 3121 1869 3177 honoris
1905 3123 2242 3178 nullatenus
2279 3141 2409 3180 esse
2445 3118 2678 3200 potest,
2716 3139 2834 3176 non
2869 3120 3001 3175 dico

896 3212 932 3236 “
972 3208 1347 3278 superiorem,
1378 3209 1482 3265 sed
1516 3226 1719 3281 parem
1755 3205 1824 3266 te
1872 3203 2248 3288 quempiam
2285 3212 2347 3266 in
2382 3228 2564 3281 regno
2589 3215 2692 3266 tuo
2727 3206 2999 3263 habere?

896 3293 1136 3350 Talibus
1170 3312 1272 3349 rex
1309 3296 1504 3352 verbis
1555 3288 1880 3367 turbatUS,
1918 3300 2133 3355 melius
2184 3300 2304 3356 81118
2351 3300 2526 3354 rebus
2577 3287 2828 3356 consuli
2880 3313 3003 3351 non

893 3397 1067 3454 posse
1104 3382 1352 3450 putavit,
1393 3402 1568 3455 quam
1604 3377 1749 3441 viro
1793 3387 1908 3443 Dei
1956 3388 2075 3442 suis
2125 3387 2396 3442 omnibus
2448 3378 2730 3463 private,
2785 3383 3001 3456 episco-

891 3474 1068 3542 patus
1107 3460 1249 3544 ejus
1285 3471 1348 3524 in
1384 3473 1583 3542 plures
1619 3466 2033 3552 episcopatus
2080 3466 2509 3547 divideretur.

557 3567 720 3628 Idem,
984 3562 1074 3626 Et
1119 3583 1269 3627 cum
1304 3574 1519 3641 praeter
1554 3589 1898 3630 consensum
1950 3574 2383 3630 cantuariensis
2420 3572 2846 3646 archiepiscopi
2880 3562 3007 3627 1100

555 3649 669 3698 ⁰⁸9⁶
691 3649 852 3684 mn‘
892 3663 1037 3727 fieri
1081 3683 1216 3727 non
1262 3662 1529 3739 valeret,
1571 3672 1749 3728 verba
1795 3674 2074 3744 malignae
2123 3673 2514 3729 accusationis
2565 3671 2868 3728 Theodoro
2902 3685 3006 3728 ar-

893 3765 1302 3850 chiepiscopo
1349 3765 1639 3843 mandat,
1677 3781 1738 3830 et
1773 3775 1850 3829 ad
1884 3793 2003 3830 suas
2039 3773 2360 3829 voluntatis
2386 3775 2657 3829 effectum
2694 3771 3005 3844 deceptum

893 3875 1158 3932 inclinat.
1233 3875 1416 3932 Venit
1451 3889 1605 3953 ergo
1644 3875 1718 3929 ad
1762 3874 2026 3945 regalem
2073 3874 2302 3927 curiam
2340 3872 2696 3937 Theodorus,
2733 3890 2839 3927 sua
2874 3890 3008 3926 auo-

895 3969 1130 4023 toritate
1179 3969 1402 4039 regiam
1452 3968 1815 4023 voluntatem
1870 3982 2047 4035 super
2081 3963 2356 4019 wilfrido
2406 3962 2772 4034 impleturus.
2865 3962 3009 4018 Pro·

896 4048 1057 4104 tinus
1092 4044 1316 4104 autem
1353 4049 1414 4103 in
1464 4049 1661 4101 locum
1710 4045 1837 4115 ejus
1881 4050 1999 4099 tres
2054 4044 2371 4113 episcopos,
2425 4059 2493 4097 eo
2545 4042 2801 4106 absente,
2856 4040 3011 4095 ordi-

895 4137 1076 4202 navit,
1118 4128 1356 4194 Bosam
1402 4125 1688 4192 ecelesiae
1736 4122 2148 4198 Eboraeensi‚
2184 4121 2421 4186 Eatam
2469 4120 3009 4196 Lindisfarnensi,

898 4228 1310 4294 Tunbertum
1377 4225 1920 4314 Hagustaldensi,
1968 4229 2038 4288 et
2097 4244 2233 4288 non
2300 4221 2514 4287 multo
2583 4228 2734 4308 post
2795 4223 3008 4286 Trun-

563 4342 725 4420 Beda,
746 4342 818 4392 H.
898 4332 1152 4395 winum
1189 4339 1264 4394 ad
1298 4337 1660 4411 provinciam
1698 4336 2002 4389 Pictorum
2039 4325 2114 4388 in
2159 4324 2301 4389 1000
2339 4325 2455 4410 qui
2490 4324 2794 4390 Candida
2840 4323 3013 4388 Casa

563 4411 628 4462 E·
652 4424 720 4459 W·
748 4413 828 4459 ¹²·
901 4420 1258 4495 dicebatur,
1295 4445 1425 4500 quae
1459 4430 1602 4480 tunc
1627 4423 1911 4494 temporis
1935 4422 2269 4493 Anglorum
2306 4421 2553 4522 imperio
2578 4428 2708 4477 erat
2731 4421 3010 4492 subjecta

561 4501 862 4632 m
905 4510 1050 4590 Quo
1126 4508 1357 4574 audito
1432 4503 1781 4570 ‘wilfridus
1848 4509 2233 4565 admiratione
2269 4508 2525 4564 maxima
2560 4509 2795 4573 duetus,
2834 4508 3011 4563 hilari

909 4659 1002 4668 ——-

2852 4647 3002 4655 .—-.-——

969 4737 983 4767 ¹
1023 4734 1129 4785 Per
1149 4731 1302 4798 hanc]
1343 4731 1470 4781 Post
1489 4730 1644 4787 hunc,
1667 4728 1729 4776 E.
1949 4723 1959 4790 Ι
2072 4721 2094 4754 ²
2127 4721 2445 4788 quibusdam]
2486 4737 2584 4772 cm.
2611 4723 2675 4775 Ο.
