3600 5800
841 862 975 926 540
1712 877 2088 928 upmrx.

500 1064 628 1116 Vita
650 1064 703 1116 S·
836 1088 1033 1127 coram
1082 1071 1313 1128 clericis
1377 1064 1663 1131 ecclesiae
1753 1067 2222 1154 nobilibusque
2313 1067 2548 1132 multis
2630 1068 2733 1133 ita
2798 1090 2949 1134 cum

501 1132 778 1251 Jclggignis,
835 1175 1077 1240 magna
1141 1153 1524 1220 humilitate
1582 1156 1875 1222 affatur:
1983 1167 2101 1224 “O
2161 1158 2403 1225 Sancte
2458 1167 2499 1222 J
2500 1167 2778 1234 ohannes
2817 1186 2951 1223 con·

502 1215 536 1264 p
837 1253 1098 1308 “sessor
1148 1252 1422 1325 gloriose,
1478 1253 1581 1325 qui
1616 1260 1705 1310 tot
1751 1256 2071 1311 virtutibus
2106 1256 2175 1315 et
2219 1249 2426 1335 Signis
2488 1247 2811 1313 mirandis
2876 1248 2949 1312 in

855 1342 1092 1401 ‘terra
1137 1336 1506 1423 praefulges,
1541 1352 1600 1402 te
1635 1339 1916 1425 supplici
1924 1344 2026 1405 ter
2044 1364 2249 1420 precor
2292 1345 2363 1404 et
2407 1359 2609 1405 exoro
2655 1351 2944 1418 quatenus

833 1434 870 1459 ‘⁶
915 1426 987 1490 in
1038 1426 1164 1492 hoc
1206 1427 1619 1493 necessitatis
1662 1429 1949 1495 articulo
1993 1438 2141 1494 mihi
2195 1438 2510 1494 subvenire
2547 1437 2813 1509 digneris
2868 1432 2950 1492 ut

837 1525 877 1551 ‘⁶
921 1542 1029 1596 per
1064 1517 1304 1584 merita
1361 1523 1432 1582 et
1474 1527 1945 1582 intercessionem
2002 1531 2169 1581 tuam
2228 1524 2601 1580 inimicorum
2652 1536 2948 1581 meorum

838 1608 876 1640 ‘⁶
919 1613 1351 1671 infestationem
1385 1620 1448 1670 te
1482 1614 1893 1686 patrocinante
1928 1629 2208 1685 superare
2242 1603 2556 1670 valeam.”
2646 1612 2727 1668 Et
2760 1618 2951 1669 extra-

835 1701 981 1757 hens
1035 1703 1345 1759 cultellum
1381 1720 1551 1759 suum
1603 1701 1678 1757 de
1713 1702 1952 1774 vagina,
2002 1701 2202 1773 posuit
2259 1693 2451 1759 illum
2512 1720 2689 1775 super
2738 1702 2945 1769 altare,

833 1794 1049 1850 dicens.
1126 1798 1165 1824 ‘⁶
1203 1797 1354 1852 Ecce
1387 1795 1628 1852 vadium
1663 1813 1860 1851 meum
1884 1812 2082 1851 coram
2106 1803 2166 1853 te
2189 1813 2365 1868 pono,
2393 1794 2550 1868 quod
2571 1795 2699 1851 vita
2733 1793 2947 1851 comite

833 1887 869 1915 “
913 1879 988 1943 in
1049 1881 1270 1946 reditu
1331 1903 1478 1947 meo
1551 1880 1894 1966 recipienS‚
1956 1888 2265 1945 ecclesiam
2324 1895 2490 1945 tuam
2560 1880 2946 1945 muneribus

837 1979 877 2005 “
921 1977 1332 2045 honorificabo,
1371 1984 1431 2035 et
1464 1978 1791 2035 redditibus
1817 1976 2060 2050 augebO,
2096 1970 2153 2034 si
2212 1970 2551 2038 mediante
2617 1975 2737 2037 tuo
2778 1992 2945 2036 aux-

835 2077 870 2105 “
914 2070 1030 2138 ilio
1075 2073 1402 2158 superatis
1463 2072 1769 2138 hostibus
1816 2073 2033 2137 victor
2090 2074 2402 2144 rediero.”
2497 2083 2667 2140 Fecit
2718 2080 2944 2142 autem

833 2183 954 2226 rex
991 2170 1282 2242 quoddam
1340 2171 1620 2227 vexillum
1669 2170 1743 2226 de
1790 2171 1998 2226 eadem
2043 2172 2290 2230 ecclesia
2341 2177 2455 2233 sibi
2514 2174 2814 2247 praeferri3
2875 2168 2945 2230 et

831 2251 1063 2318 audito
1125 2251 1270 2338 ejus
1312 2250 1610 2327 adventu
1655 2249 1839 2316 Scoti
1898 2249 2214 2337 Angliam
2277 2256 2605 2333 deserunt,
2653 2262 2723 2321 et
2766 2254 2947 2320 ultra

831 2376 1013 2421 mare
1090 2355 1425 2422 Scoticum
1490 2376 1561 2420 se
1627 2353 2101 2420 transferentes
2161 2358 2305 2443 ejus
2378 2362 2747 2427 adventum
2828 2380 2942 2424 ex-

831 2464 1118 2544 pectant.
1211 2456 1381 2543 Regi
1423 2462 1651 2523 autem
1695 2456 1850 2521 fixis
1881 2478 2081 2542 super
2107 2467 2298 2540 ripam
2332 2471 2592 2527 fluminis
2616 2462 2944 2565 tentoriis,

830 2562 1146 2648 apparuit
1219 2562 1294 2625 in
1351 2560 1506 2626 visu
1566 2559 1839 2646 quidam
1913 2560 2408 2645 pontificalibus
2496 2565 2775 2630 indutus
2850 2565 2946 2630 sic

831 2664 1092 2742 dicens:
1156 2663 1609 2729 “Ethelstane
1653 2684 1793 2741 rex,
1838 2662 2085 2730 festina
2125 2686 2321 2732 mane
2364 2668 2614 2734 flumen
2643 2668 2941 2734 transire.

831 2767 1054 2853 “Ego
1098 2786 1247 2831 sum
1290 2764 1632 2837 Johannes
1675 2765 2036 2850 episcopus.
2105 2773 2247 2830 Noli
2298 2776 2524 2834 timere.
2594 2770 2761 2838 Ecce
2804 2771 2944 2837 vic-

831 2878 866 2905 “
912 2870 1087 2938 toria
1158 2870 1234 2935 in
1299 2889 1503 2935 manu
1572 2872 1693 2933 tua
1751 2871 1873 2946 est,
1928 2888 2131 2954 quam
2179 2868 2310 2954 tibi
2371 2874 2687 2942 nuntiare
2730 2873 2942 2941 veni.”

833 2973 1032 3040 Mane
1075 2993 1234 3038 vero
1278 2970 1567 3038 transita
1615 2990 1793 3055 aqua
1836 2975 1908 3036 et
1968 2977 2269 3038 conserto
2313 2985 2486 3052 gravi
2519 2986 2727 3058 praelio
2770 2976 2939 3042 mul-

831 3078 923 3143 tis
987 3077 1334 3144 Scotorum
1400 3075 1476 3139 in
1519 3094 1631 3140 ore
1704 3072 1914 3161 gladii
1988 3074 2233 3156 occisis,
2311 3102 2416 3141 rex
2464 3087 2638 3143 laetus
2697 3087 2940 3145 effectus

832 3179 1058 3253 gratias
1092 3180 1216 3252 egit
1252 3180 1393 3234 Deo.

923 3266 1179 3332 Iterum
1222 3285 1380 3330 vero
1426 3263 1585 3350 quia
1628 3283 1748 3327 rex
1823 3261 2173 3328 Scotorum
2218 3263 2669 3351 incompulsus
2712 3271 2946 3332 contra

833 3391 987 3434 eum
1050 3371 1443 3445 surrexerat,
1518 3369 1917 3451 congregato
1990 3364 2289 3442 exercitu
2350 3373 2582 3434 contra
2640 3367 2944 3434 inimicos

831 3473 1206 3559 praecedens
1279 3470 1500 3539 Deum
1545 3467 1832 3555 krogavit
1905 3472 1986 3531 ut
2059 3489 2251 3554 prece
2318 3468 2548 3537 Sancti
2611 3470 2658 3536 J
2659 3469 2942 3536 ohannis

832 3583 1060 3656 aliquid
1096 3584 1333 3656 signum
1388 3579 1630 3637 evidens
1673 3570 2052 3636 ostenderet
2095 3594 2227 3659 quo
2270 3587 2594 3654 praesentes
2642 3588 2706 3637 et
2754 3581 2943 3637 futuri

830 3702 1176 3758 cognoscere
1245 3687 1487 3756 possent
1544 3673 1776 3739 Scotos
1822 3673 1905 3739 de
1954 3675 2110 3761 jure
2153 3675 2392 3763 Anghs
2453 3674 2689 3742 debere
2712 3676 2940 3764 subju-

830 3780 989 3866 gari.
1082 3777 1281 3844 Unde
1344 3799 1464 3842 rex
1530 3798 1681 3842 cum
1743 3776 1968 3863 gladio
2029 3800 2149 3843 suo
2200 3779 2523 3865 percussit
2596 3779 2941 3865 scopulum

832 3882 1164 3970 quendam
1214 3881 1421 3967 juxta
1481 3878 1765 3944 Dunbar
1828 3884 2134 3960 castrum,
2199 3887 2268 3946 et
2319 3903 2529 3968 usque
2592 3880 2791 3948 hodie
2852 3881 2941 3948 ad

831 4007 1209 4052 mensuram
1236 3983 1414 4048 ulnae
1445 4004 1530 4048 ex
1572 3982 1716 4048 ictu
1745 3988 2040 4049 cavatur.
2132 3984 2281 4050 Rex
2309 3986 2538 4071 itaque
2582 3984 2827 4072 adepto
2856 3985 2941 4051 de

831 4089 1123 4155 inimicis
1168 4083 1530 4172 triumpho,
1561 4084 1839 4166 rediens,
1875 4109 2081 4163 pacem
2120 4093 2319 4150 Sancta·
2355 4094 2395 4149 J
2396 4094 2615 4150 ohanm
2658 4096 2733 4150 ab
2757 4096 2940 4151 omni·

499 4175 627 4229 VM
649 4178 703 4230 S·
830 4192 940 4248 bus
993 4189 1307 4247 tenendam
1361 4187 1641 4255 instituit,
1699 4204 1876 4259 quam
1928 4184 2253 4258 infringere
2311 4187 2479 4243 nulla
2528 4187 2758 4243 ratione
2814 4188 2939 4244 ullo

494 4244 767 4376 gozam&
829 4289 1093 4355 tempore
1145 4282 1337 4338 liceat.
1428 4271 1661 4336 Unum
1697 4269 1954 4336 miliare
2005 4281 2081 4337 ad
2129 4282 2282 4337 hano
2340 4300 2546 4354 pacem
2599 4282 2935 4348 tenendam»

492 4390 605 4441 The
627 4406 774 4444 sanc·
828 4382 1077 4444 metam
1122 4381 1440 4454 Stamene,
1470 4373 1856 4461 assignavit,
1901 4381 1972 4440 et
2006 4384 2107 4455 qui
2157 4383 2309 4439 hanc
2356 4383 2602 4455 pacem',
2640 4384 2701 4439 in
2739 4384 2937 4456 aliquo

493 4463 763 4593 fflfe‘y
829 4485 923 4542 vel
969 4501 1112 4555 erga
1159 4482 1417 4556 aliquem
1467 4480 1688 4538 violare
1746 4475 2244 4553 praesum[ps]erit
2278 4482 2412 4537 octo
2446 4478 2629 4536 libras
2673 4479 2935 4537 ecclesiae

1175 4683 1332 4690 --—---
1353 4682 1576 4689 ---.-.--
1619 4683 1628 4686 -
1701 4679 1770 4688 ...-

899 4829 913 4861 ¹
951 4827 1237 4895 tenendam]
1263 4842 1390 4889 esse,
1413 4828 1509 4876 ins.
1534 4826 1594 4875 E.
1873 4824 1883 4892 Ι
1994 4825 2017 4858 ²
2048 4833 2221 4877 undam
2257 4861 2271 4878 .
2308 4862 2320 4876 .
2348 4826 2552 4892 pacem]
2583 4842 2683 4877 om.
2706 4825 2767 4877 E.
