3600 5800
806 820 931 880 416
1444 834 1606 880 VITA
1653 833 1895 880 sAxc'm
1945 834 2267 894 oswALm,

473 1029 724 1107 Oswalfle
805 1019 1220 1085 dormitionis
1266 1018 1493 1097 exiret,
1525 1021 1655 1084 nisi
1700 1021 2010 1085 maximae
2043 1022 2453 1087 infirmitatis
2499 1043 2696 1089 causa
2739 1044 2912 1087 com-

470 1103 771 1150 austennes.
806 1120 1101 1206 pulissct,
1132 1126 1254 1186 aut
1283 1122 1849 1188 consuetudinalis
1880 1144 2021 1188 mos
2052 1124 2485 1210 praecepisset.
2552 1124 2725 1191 Cum
2754 1146 2912 1188 vero

806 1223 1017 1287 nimia
1091 1222 1413 1288 lassitudo
1477 1223 1716 1289 fortem
1793 1225 2016 1289 virum
2084 1226 2370 1291 debilem
2446 1226 2765 1302 redderet,
2830 1233 2912 1290 ut

806 1331 1065 1391 naturae
1127 1347 1265 1390 suae
1312 1327 1602 1410 quietem
1654 1328 2055 1406 concederet,
2111 1330 2324 1415 magis
2379 1330 2667 1395 sedendo
2712 1351 2911 1414 quam

799 1428 1080 1512 jacendo
1112 1428 1394 1493 dormire
1426 1429 1695 1506 solebat,
1739 1436 2005 1515 patrum
2045 1431 2224 1495 viam
2261 1452 2344 1495 an
2353 1430 2747 1516 (ti)quorum
2776 1452 2913 1494 non

807 1529 1017 1594 solum
1055 1530 1127 1592 in
1173 1530 1296 1606 his,
1344 1531 1460 1595 sed
1508 1531 1712 1595 etiam
1759 1532 1832 1595 in
1862 1532 2011 1596 aliis
2057 1532 2350 1617 digniter
2393 1533 2764 1599 actionibus
2811 1555 2909 1597 se·

806 1640 1014 1698 cutus.
1080 1631 1509 1698 Orationibus
1541 1634 1668 1697 rite
1700 1632 2048 1718 explicitis,
2082 1635 2498 1700 recreabatur
2520 1635 2913 1701 lectionibus

807 1733 1088 1811 Divinis,
1123 1734 1362 1819 qui.sic
1407 1736 1704 1819 quotidie
1734 1735 2012 1800 refertus
2056 1737 2290 1801 nitidis
2320 1738 2535 1814 evenis,
2567 1744 2636 1803 et
2680 1737 2912 1822 poculo

807 1835 1148 1900 salutifero
1194 1841 1477 1921 potatus
1529 1835 1898 1902 Salomonis
1959 1843 2263 1902 nectareo
2327 1844 2396 1902 et
2440 1837 2766 1903 ambrosio
2811 1845 2912 1904 est

807 1938 1003 2002 odore
1064 1939 1381 2023 perfusus
1434 1939 1656 2004 dicens
1723 1959 1873 2004 cum
1944 1938 2311 2017 Psalmista,
2425 1941 2522 2007 In
2583 1962 2688 2007 ww
2731 1949 2911 2018 sunt,

474 2051 783 2101 Psa1.1v.12.
809 2040 1003 2117 Daue,
1051 2046 1202 2106 vota
1233 2048 1372 2117 tua,
1406 2061 1557 2126 quoe
1587 2039 1888 2117 reddam,
1921 2041 2356 2108 laudationes
2385 2042 2528 2108 tibi.
2607 2043 2697 2108 Et
2726 2043 2910 2122 illud,

808 2141 1192 2209 holocausta
1220 2142 1601 2209 wwdullata
1634 2142 1911 2228 offeram
1929 2142 2072 2209 tibi.
2138 2143 2301 2209 Erat
2330 2145 2524 2222 enim,
2557 2151 2638 2211 ut
2666 2146 2912 2212 sanctis

471 2254 742 2305 Psa1.1xv.
809 2253 879 2311 et
909 2246 1085 2312 veris
1117 2246 1347 2311 amicis
1378 2244 1506 2310 Dei
1537 2244 1767 2310 usuale
1826 2251 1946 2322 est,
1977 2246 2210 2311 binis*
2253 2246 2527 2314 fulcitus
2572 2248 2912 2325 columnis,

473 2326 724 2452 bzvald‘e
811 2347 880 2412 id
948 2353 1049 2412 est
1112 2346 1462 2412 dilectione
1508 2345 1636 2410 Dei
1700 2352 1769 2410 et
1837 2347 2141 2431 proximi,
2189 2349 2296 2414 cui
2343 2354 2534 2416 erant
2577 2350 2869 2436 quinque
2887 2358 2915 2396 ¹¹

472 2468 736 2518 character
808 2449 1133 2534 sagaciter
1176 2448 1527 2533 adjunctae,
1576 2469 1725 2531 quae
1773 2447 2057 2514 firmiter
2101 2449 2375 2514 domum
2424 2471 2611 2516 suam
2657 2459 2912 2516 susten-

470 2534 734 2651 ἓξῗθῑέἧη·
811 2552 1046 2616 tabant
1091 2572 1174 2616 nc
1219 2572 1260 2614 a
1306 2557 1507 2615 vento
1577 2557 2015 2635 quassaretur,
2064 2552 2254 2617 velut
2297 2554 2718 2619 mutabunda
2762 2576 2909 2640 quae

519 2616 553 2664 p
810 2653 883 2717 in
928 2652 1285 2738 paludibus
1330 2659 1505 2718 stare
1550 2655 1981 2738 cognoscitur.
2076 2654 2390 2722 Habebat
2443 2656 2621 2722 enim
2684 2678 2911 2743 pacem

809 2776 957 2821 cum
1027 2745 1372 2841 proximos
1393 2756 1581 2840 cujus
1650 2757 1722 2820 in
1787 2756 1979 2823 corde
2025 2779 2160 2822 non
2205 2764 2349 2824 erat
2391 2759 2657 2836 malum,
2703 2781 2913 2825 recor-

809 2857 973 2923 dans
1019 2856 1350 2943 spirituali
1398 2856 1847 2943 intelligentia
1892 2858 2062 2923 illud
2110 2858 2456 2927 Scolastici
2503 2860 2820 2927 dicentis:

473 2990 735 3041 Prudentii
896 2981 1053 3048 Pam
1088 2982 1380 3069 plenum
1423 2981 1702 3048 virtutis
1746 3005 1929 3069 opas,
1969 3005 2119 3070 pace
2157 3006 2428 3051 summa
2475 2985 2797 3063 laborum,

473 3056 699 3182 ξζζζξζ
900 3084 1056 3150 Pam
1103 3084 1258 3150 belzo:
1304 3083 1518 3151 ‹ea-actv:
1555 3084 1865 3171 pretium
1909 3092 2014 3162 est,
2055 3086 2488 3174 pretiuquw
2528 3086 2790 3174 pericli,

474 3193 722 3244 769-771.
895 3185 1145 3253 Sida-a
1182 3208 1350 3273 pace
1395 3185 1585 3273 vigye‘n
1593 3194 1635 3264 t,
1683 3187 2060 3255 consistunt
2102 3195 2319 3255 terrea
2357 3212 2537 3277 pace.

813 3325 917 3402 Et,
964 3326 1155 3407 infra,
1202 3326 1343 3411 ipse
1390 3327 1582 3392 idem.
1667 3404 1680 3414 .

471 3481 634 3597 {gip—‚3
899 3463 1145 3550 Offerat
1189 3464 1274 3530 ‘in
1313 3464 1573 3549 povimvis
1611 3486 1864 3552 pacem,
1911 3466 2118 3531 nulla
2161 3464 2378 3531 hostia
2427 3465 2682 3533 Christo

477 3568 493 3598 ⁴
639 3584 651 3597 ·
894 3565 1269 3633 Dulcior-

806 3703 918 3770 Sic
961 3703 1234 3771 alternae
1288 3705 1448 3770 vitae
1500 3705 1914 3771 dulcedinem
1991 3706 2354 3772 immiscuit
2428 3707 2759 3772 doloribus
2836 3710 2914 3770 ut

805 3805 1046 3893 dignus
1105 3806 1294 3872 fieret
1360 3828 1615 3873 sumere
1675 3806 2039 3874 theoricam
2102 3809 2726 3893 contemplationem
2793 3829 2913 3893 pro

803 3907 1183 3993 gemitibus,
1216 3908 1384 3973 illud
1428 3908 1778 3995 cogitando
1826 3909 2001 3994 quod
2050 3909 2320 3995 quidam
2354 3910 2548 3988 dixit,
2578 3931 2723 3976 mm
2760 3931 2913 3995 pos-

805 4030 1045 4076 sumus
1121 4009 1335 4076 simul
1396 4031 1552 4077 cwm
1614 4011 1750 4076 solo
1818 4017 1876 4076 et
1943 4031 2099 4077 cum
2158 4011 2292 4077 Deo
2350 4009 2660 4098 yauclere.
2754 4011 2917 4077 Erat

804 4112 1139 4178 enimvero
1201 4113 1512 4178 robustus
1572 4134 1857 4198 corpore,
1905 4113 2095 4179 fortis
2161 4112 2431 4192 viribus,
2480 4135 2522 4180 a
2558 4114 2918 4200 juventute

803 4218 1146 4300 promptus
1208 4214 1280 4278 in
1359 4213 1487 4279 Dei
1542 4214 1886 4291 servitute,
1949 4214 2121 4279 vitia
2183 4215 2469 4282 carnalis
2528 4214 2919 4301 petulantiae

800 4314 990 4381 velut
1020 4314 1529 4401 quisquiliarum
1559 4314 1931 4402 peripsema
1959 4317 2284 4402 aporians,
2315 4317 2549 4382 sedens
2589 4318 2677 4383 ad
2720 4315 2919 4403 pedes

802 4423 1049 4484 sanctae
1114 4416 1481 4503 disciplinae
1527 4417 1671 4496 Dei,
1719 4438 1871 4485 cum
1918 4417 2133 4486 Maria
2177 4418 2557 4485 desiderans
2601 4418 2920 4505 optimam

805 4524 1063 4604 partem
1109 4519 1367 4607 eligere.

893 4619 997 4685 De
1069 4642 1329 4686 summa
1405 4622 1790 4687 rectissimae
1868 4622 2115 4711 regulae
2190 4623 2650 4691 observatione
2725 4641 2925 4708 quam

806 4721 957 4806 pius
1006 4721 1146 4786 dux
1194 4729 1263 4787 et
1311 4723 1691 4790 veneranda
1742 4724 2213 4793 monachorum
2273 4720 2484 4810 gloria
2529 4723 2925 4791 Benedictus

857 4864 878 4887 ⁸
904 4857 1058 4911 binis]
1085 4860 1161 4904 220.
1176 4860 1373 4911 duabus,
1389 4861 1552 4905 interl.
1858 4862 1870 4913 Ι
1968 4860 1989 4889 ¹·
2015 4859 2243 4915 quinque]
2274 4872 2311 4904 a.
2328 4861 2571 4912 columna,
2586 4861 2746 4907 interl.
