3600 5800
1212 1597 2342 1701 BREVILOQUIUM

892 1819 1259 1912 VITAE
1339 1820 1701 1913 SANC
1730 1821 1871 1911 TI
1951 1819 2644 1914 WILFRIDI

1265 2068 1719 2153 (AUCTORE
1764 2067 2206 2136 EADMERO
2236 2071 2287 2155 τ)
2295 2068 2336 2135 .1

814 2519 1031 2606 Spero,
1097 2518 1329 2584 fratres
1398 2519 1717 2584 carissimi
1823 2519 2247 2585 sanctitatem
2322 2524 2612 2585 vestram
2687 2539 2825 2585 non
2849 2535 2962 2586 The

724 2621 941 2698 latere,
1020 2641 1221 2706 quare
1298 2642 1441 2686 mos
1518 2621 1608 2685 sit
1650 2622 1748 2685 -in
1826 2620 2100 2687 ecclesia
2171 2619 2302 2686 Dei
2373 2621 2512 2686 dies
2580 2620 2821 2707 quibus
2846 2603 3105 2735 gffifflgffy

720 2723 947 2790 Sancti
992 2722 1120 2788 Dei
1166 2723 1247 2788 de
1290 2722 1416 2789 hac
1463 2722 1609 2788 vita
1661 2722 1982 2788 transiere
2041 2722 2303 2788 festivis
2347 2723 2609 2809 gaudiis
2655 2725 2819 2791 cele·
2844 2736 3074 2785 remarks
3094 2743 3151 2786 to

712 2825 901 2892 brari.
997 2825 1140 2892 Nec
1185 2824 1360 2891 enim
1423 2826 1680 2893 aestimo
1727 2848 1849 2892 vos
1893 2830 2130 2913 putare
2175 2825 2437 2906 idcirce,
2487 2827 2664 2913 quod
2709 2828 2819 2893 vel
2845 2800 3139 2921 ζξθοῗζῐζξῗ

713 2935 965 3015 martyr
1008 2928 1271 3007 occisus,
1318 2929 1429 2994 vel
1474 2929 1802 2995 confessor
1848 2928 2071 3014 quivis
2140 2935 2405 2995 sanctus
2470 2928 2820 2996 defunctus
2846 2935 2993 3000 bury.

712 3028 955 3095 dicitur
983 3050 1120 3094 esse
1151 3029 1479 3095 laetandus
1505 3053 1520 3108 3
1564 3029 1680 3094 sed
1710 3029 1933 3113 potius
1975 3029 2287 3114 quoniam
2331 3030 2389 3093 is
2421 3029 2536 3114 qui
2566 3029 2677 3096 vel
2705 3053 2823 3116 per

707 3130 1118 3216 martyrium,
1150 3129 1258 3195 vel
1303 3152 1420 3215 per
1464 3129 1708 3195 bonam
1754 3129 2225 3194 confessionem
2269 3130 2431 3194 vitae
2478 3131 2822 3216 praesentis

707 3230 973 3316 laqueos
1050 3236 1119 3296 et
1181 3251 1506 3295 aerumnas
1577 3230 1807 3305 evasit,
1879 3236 2079 3313 atque
2142 3230 2229 3294 ad
2290 3231 2453 3294 vitae
2512 3231 2819 3315 perennis

708 3352 1002 3397 securam
1069 3329 1471 3404 felicitatem,
1540 3328 1928 3413 felicemque
1998 3330 2418 3394 securitatem
2482 3330 2817 3415 migravit,

709 3430 781 3491 in
841 3428 1111 3513 hymnis
1180 3450 1257 3494 ac
1314 3427 1622 3492 laudibus
1685 3426 1815 3491 Dei
1861 3429 2039 3491 omni
2085 3428 2328 3514 populo
2389 3451 2527 3494 esse
2584 3429 2818 3515 Jocun-

710 3530 984 3595 dandus.
1047 3529 1197 3596 Hoc
1242 3535 1344 3594 est
1388 3535 1560 3595 certe
1608 3529 1784 3615 quod
1825 3527 2058 3595 facitis.
2138 3530 2287 3596 Hoc
2331 3536 2432 3595 est
2478 3530 2655 3618 quo'd
2698 3532 2816 3601 ho·
2843 3542 2991 3608 They
3014 3559 3110 3593 are

711 3633 939 3697 diema.
1003 3631 1109 3696 die
1171 3632 1247 3694 in
1313 3653 1522 3695 unum
1568 3631 2034 3697 convenientes
2104 3632 2434 3699 exultatis.
2512 3635 2816 3702 Audistis
2840 3609 3025 3727 &effi
3052 3609 3156 3724 ,θεῖ’

708 3733 1034 3819 siquidem
1082 3732 1257 3817 quod
1301 3732 1427 3798 hac
1474 3733 1580 3797 die
1625 3732 1947 3819 gloriosus
1993 3737 2181 3819 pater
2224 3739 2447 3801 noster
2469 3734 2816 3804 Wilfridus
2842 3742 2960 3805 day,

706 3835 1161 3901 habitaculum
1231 3855 1368 3899 suae
1446 3835 1660 3901 carnis
1748 3856 2059 3921 egressus,
2138 3836 2444 3902 caelorum
2538 3861 2816 3926 regnum

707 3936 986 4003 feliciter
1075 3941 1468 4021 regnaturus
1568 3936 1866 4012 intravit,
1943 3957 2192 4023 suoque
2268 3937 2548 4005 introitu
2639 3941 2816 4008 cives

707 4039 849 4125 ejus
916 4061 1050 4105 non
1118 4038 1450 4104 modicum
1520 4038 1937 4105 exhilaravit.
2032 4039 2225 4121 Quod
2290 4062 2427 4107 non
2471 4041 2714 4108 mirum
2762 4046 2819 4110 si

705 4140 1069 4220 laetamini3
1115 4139 1171 4203 si
1215 4138 1445 4226 gloriae
1491 4139 1700 4225 patris
1733 4141 1939 4206 vestri
2001 4142 2597 4229 congratulamini3
2642 4145 2702 4209 si
2745 4145 2820 4210 in

708 4242 849 4327 ejus
916 4241 1244 4319 laudibus
1315 4263 1435 4327 per
1503 4242 1691 4329 cujus
1754 4244 2125 4329 patrocinia
2185 4266 2305 4311 vos
2380 4247 2466 4312 ad
2542 4249 2817 4316 eandem

771 4441 784 4470 ¹
839 4439 950 4489 The
993 4438 1108 4489 Life
1152 4437 1211 4488 of
1265 4436 1341 4489 St.
1385 4437 1592 4490 wilfrid
1634 4441 1705 4504 by
1804 4440 2035 4491 between
2070 4441 2161 4491 the
2195 4448 2298 4493 two
2334 4442 2504 4508 pieces
2542 4445 2587 4498 in
2622 4463 2680 4500 aa
2717 4450 2815 4503 fol.

701 4518 938 4578 Enumer,
993 4515 1048 4566 in
1090 4516 1179 4566 the
1223 4515 1423 4580 Corpus
1479 4516 1614 4580 MS„
1656 4517 1702 4567 is
1802 4519 1955 4570 lows:
1999 4522 2031 4550 ‘⁴
2049 4517 2281 4585 Explicit
2315 4521 2438 4574 Vita
2474 4524 2651 4579 Sancti
2683 4530 2815 4582 Wil-

699 4596 935 4647 followed
988 4596 1061 4661 by
1105 4593 1207 4644 this
1253 4608 1453 4645 sermon
1499 4595 1578 4646 for
1624 4595 1701 4647 St.
1800 4601 1834 4626 “
1868 4597 1988 4648 fridi
2028 4598 2433 4666 archiepiscopi3
2474 4601 2655 4672 incipit
2687 4609 2810 4663 Bre.

698 4673 951 4727 Wilfrid’s
1007 4675 1129 4740 day,
1179 4674 1454 4725 addressed
1507 4679 1561 4724 to
1615 4674 1702 4726 the
1802 4680 1835 4706 ‘⁶
1871 4675 2151 4744 viloquium
2172 4679 2312 4732 Vitae
2335 4680 2563 4747 ejusdem
2584 4687 2796 4751 patris?

698 4756 880 4807 monks
900 4754 963 4809 of
979 4753 1320 4820 Canterbury.
1390 4754 1502 4806 The
1527 4753 1697 4805 rubric
