3600 5800
1387 907 1703 957 AUCTORE
1747 908 1937 955 ANox
1949 908 2105 955 mc.
2663 894 2792 957 409

686 1093 989 1169 vestitus,
1033 1092 1121 1158 ad
1185 1093 1514 1179 quendam
1582 1094 2084 1180 presbyterum3
2146 1093 2253 1159 cui
2316 1093 2412 1160 sic
2469 1092 2793 1160 allocutus

688 1198 826 1274 est3
872 1203 905 1228 “
931 1193 1194 1259 Dormis
1224 1213 1314 1258 an
1341 1193 1579 1280 vigilas
1606 1193 1683 1258 2”
1777 1192 1907 1258 Cui
1938 1194 2236 1261 sacerdos
2265 1194 2379 1272 ait,
2417 1202 2451 1228 “
2469 1192 2792 1271 Dormivi‚

690 1304 724 1328 “
769 1301 961 1380 pater
1022 1295 1413 1371 venerande,
1478 1294 1611 1371 sed,
1657 1299 1728 1359 te
1774 1295 2103 1380 veniente,
2169 1295 2431 1383 vigilo?
2520 1296 2617 1361 At
2660 1296 2789 1374 ille,

690 1405 724 1431 “
744 1396 983 1474 Vade‚''
1014 1397 1253 1481 inquit,
1302 1404 1336 1431 “
1360 1396 1446 1461 ad
1491 1398 1888 1483 episcopum,
1937 1402 2008 1462 et
2037 1398 2392 1482 diligenter
2436 1399 2789 1484 interroga,
2814 1417 2915 1465 and
2936 1414 3049 1465 bids

690 1506 727 1533 “
770 1520 888 1564 cur
955 1521 1059 1564 me
1135 1499 1440 1584 despexit
1498 1500 1698 1564 verbo
1767 1499 2075 1564 hesterno
2152 1501 2275 1576 die,
2341 1506 2411 1565 et
2467 1502 2790 1585 percussit
2812 1479 3085 1597 ffiffaffiff

688 1608 723 1634 “
770 1598 1053 1665 bacu10.’'
1146 1599 1660 1686 Expergefactus
1705 1599 1836 1678 ille,
1881 1599 2129 1665 oblitus
2200 1608 2300 1665 est
2361 1600 2563 1665 verba
2621 1622 2787 1686 prae-
2811 1612 3010 1678 bishop.

687 1700 865 1766 suh‘s
959 1701 1228 1779 Iterum,
1261 1701 1489 1781 venit3
1517 1701 1626 1767 cui
1656 1701 1994 1786 superiora
2023 1700 2259 1766 intulit
2287 1702 2506 1766 verba.
2601 1700 2789 1767 Som-

686 1802 907 1869 niator
975 1825 1131 1870 vero
1194 1803 1732 1890 parvipendendo
1816 1802 2069 1868 visione
2138 1803 2471 1869 conticuit.
2565 1802 2791 1869 Tertia

686 1904 969 1991 denique
1014 1911 1224 1984 nocte,
1269 1926 1495 1970 rursus
1554 1905 1916 1970 adveniens
1961 1903 2068 1966 vir
2112 1903 2400 1982 Domini,
2465 1905 2641 1983 oda,
2690 1928 2790 1971 re-

686 2006 962 2071 dimitus
1006 2006 1372 2094 pontificali
1418 2006 1764 2093 dignitate,
1812 2005 2181 2090 increpavit
2211 2006 2472 2091 praefati
2517 2007 2784 2093 presby-

684 2109 813 2173 teri
858 2109 1245 2196 segnitiem3
1290 2110 1396 2176 cui
1466 2108 1847 2194 supradicta
1914 2108 2227 2194 praecepit
2293 2109 2507 2175 dicere
2568 2110 2786 2187 verba,

683 2211 1008 2296 inquiens,
1057 2218 1092 2246 “
1116 2211 1193 2277 Si
1238 2210 1633 2277 dulcissimae
1679 2210 1843 2275 vitae
1888 2215 2024 2275 tuae
2071 2230 2270 2296 quam
2316 2212 2562 2278 retines
2607 2234 2786 2297 pros·
2815 2231 2975 2282 odo’s
2991 2246 3124 2283 mes-

684 2320 721 2347 “
765 2312 1117 2398 peritatem
1164 2313 1510 2389 desideras,
1556 2312 1701 2379 haec
1760 2335 1910 2397 quae
1973 2312 2108 2378 tuis
2168 2312 2438 2378 auribus
2484 2313 2785 2393 hausisti,
2812 2303 3021 2414 ffiitg

685 2422 720 2450 “
764 2420 883 2480 tuo
929 2415 1234 2502 episcopo
1281 2414 1577 2482 edicito.”
1668 2415 1837 2482 Haec
1867 2417 2106 2494 dicens,
2158 2416 2439 2494 recessit,
2472 2414 2786 2483 lacteolus

681 2517 894 2595 vultu,
940 2518 1224 2583 nitidius
1254 2516 1605 2603 splendens
1651 2516 1859 2584 lih’olo
1903 2518 2133 2595 nitore,
2166 2516 2447 2604 effigiem
2492 2518 2784 2584 retinens

679 2621 848 2685 rosei
917 2620 1160 2686 coloris.
1273 2609 1442 2685 Tum
1505 2619 1854 2706 presbyter
1916 2640 2263 2706 assurgens
2326 2642 2363 2684 6
2422 2641 2668 2698 somno,
2716 2626 2785 2686 et

680 2722 869 2808 quasi
913 2722 1254 2789 cornicinii
1298 2722 1573 2788 audiens
1619 2722 1929 2799 sonitum,
1978 2722 2193 2808 surgit
2251 2723 2521 2800 concite,
2567 2724 2787 2810 pergit

678 2826 765 2891 ad
811 2826 1189 2913 episcopum
1234 2829 1504 2912 repente
1565 2823 1916 2890 timoratus
1977 2825 2135 2911 ipse,
2210 2825 2282 2888 in
2346 2825 2534 2912 cujus
2594 2826 2786 2892 corde

679 2927 894 3006 timor,
944 2929 1014 2993 in
1060 2928 1248 3015 cujus
1295 2932 1516 2993 mente
1576 2948 1819 3013 pugna,
1867 2948 2099 2993 verens
2119 2940 2152 2974 ³
2195 2926 2668 3013 dispendiumb
2714 2930 2787 2994 in
2890 2944 2896 2951 ·

677 3034 958 3115 utraque
1028 3037 1235 3116 parte,
1305 3028 1612 3095 obeuntis
1681 3028 1931 3095 scilicet
1999 3033 2069 3093 et
2136 3029 2442 3093 viventis.
2536 3030 2784 3097 Tamen

676 3133 1008 3196 animatus
1054 3131 1272 3196 verbis
1320 3130 1566 3206 Sancti,
1599 3136 1916 3196 curvatur
1947 3130 2187 3194 humili
2218 3129 2414 3195 vultu
2454 3132 2539 3197 ad
2571 3133 2783 3197 solum

676 3232 784 3296 vel
829 3234 1027 3318 pedes
1072 3233 1377 3318 episcopi,
1411 3233 1527 3317 qui
1573 3236 2000 3315 percontatur
2016 3245 2045 3278 0
2076 3252 2340 3297 causam
2386 3233 2490 3296 sui
2535 3234 2781 3299 adven-

676 3336 801 3396 tus.
898 3341 928 3367 “
955 3332 1209 3410 Venit,’'
1254 3333 1494 3417 inquit,
1528 3341 1562 3365 “
1586 3331 1673 3395 ad
1718 3352 1841 3407 me,
1871 3351 2005 3395 non
2040 3331 2306 3396 Gabriel
2330 3332 2440 3397 1116
2487 3354 2782 3399 summus

679 3442 711 3467 “
759 3434 1275 3521 paranymphus
1323 3435 1438 3499 sed
1475 3434 1587 3498 ille
1632 3434 1953 3520 gloriosus
2002 3433 2164 3511 Oda,
2211 3455 2560 3519 praecessor
2605 3441 2781 3514 tuus,

677 3543 710 3569 “
759 3536 875 3620 qui
920 3536 1082 3601 talia
1127 3541 1263 3601 tuae
1308 3534 1718 3600 venerationi
1765 3556 1916 3600 cum
1967 3535 2423 3621 indignatione
2468 3539 2781 3623 praeoepit

675 3647 711 3674 “
758 3639 1141 3725 praesentari
1188 3638 1402 3702 verba
1501 3644 1516 3670 ‘
1544 3636 1732 3716 Quia·
1767 3636 2076 3703 hesterna
2113 3638 2220 3702 die
2267 3637 2627 3723 despexisti
2673 3662 2778 3707 me
2805 3653 2917 3706 'rhe
2939 3670 3071 3706 mes-

676 3749 710 3776 “
760 3748 775 3776 ‘
806 3742 879 3805 in
945 3740 1146 3805 verbo
1193 3744 1261 3804 et
1323 3760 1534 3825 opere,
1595 3738 1880 3823 praedico
1926 3739 2053 3803 tibi
2110 3739 2269 3823 quia
2322 3761 2501 3805 mare
2563 3746 2778 3808 trans-
2802 3725 3067 3838 ffigssgifflgd

676 3852 710 3878 “
760 3852 774 3877 ‘
806 3842 1095 3919 fretabis,
1127 3845 1384 3906 montes
1415 3840 1762 3905 ascendere
1793 3839 2062 3915 valebis,
2095 3840 2210 3904 sed
2254 3861 2669 3927 nequaquam
2703 3846 2776 3910 111
2801 3854 3061 3932 reqeption

675 3954 709 3979 “
759 3952 774 3978 ‘
804 3943 1185 4029 Apostolica
1229 3942 1379 4007 sede
1427 3940 1718 4006 sedebis?
1739 3940 1772 3965 ''
1868 3941 1995 4005 His
2042 3941 2315 4007 minime
2346 3944 2631 4022 credens,
2666 3945 2775 4010 1116
2801 3920 2930 3971 ⁰f¹‘'

674 4045 931 4112 dimisit
997 4066 1039 4110 a
1091 4067 1159 4110 se
1221 4044 1567 4109 relatorem
1637 4044 1851 4107 somni
1915 4043 2094 4110 facili
2150 4043 2561 4110 relaxatione
2622 4067 2774 4112 con-

674 4154 974 4213 temnens
1054 4146 1449 4231 loquentem,
1512 4144 1878 4230 despiciens
1960 4144 2215 4210 lubrica
2277 4151 2346 4211 et
2411 4147 2776 4231 periculosa

671 4249 1033 4335 naufragia,
1080 4269 1230 4332 quae
1262 4247 1344 4328 ,ei
1389 4267 1430 4311 a
1476 4245 1720 4312 Sancto
1765 4253 1956 4311 erant
2001 4247 2337 4333 promissa,
2386 4248 2774 4317 existimans

672 4374 810 4416 esse
872 4350 1307 4416 deliramenta
1327 4373 1343 4428 ;
1403 4348 1518 4414 sed
1563 4353 1715 4434 post
1779 4369 2022 4434 paucos
2086 4349 2400 4414 solarium
2446 4353 2771 4417 mensium
2799 4358 2908 4407 The
2932 4359 3029 4408 sul-

671 4453 828 4530 dies,
874 4452 1003 4516 sibi
1047 4450 1488 4516 infortunium
1551 4449 1846 4527 advenit,
1897 4449 2074 4535 quod
2138 4450 2199 4515 ei
2248 4449 2539 4535 Spiritus
2586 4454 2773 4539 prius
2798 4424 3009 4476 filment.

670 4553 1128 4622 comminando
1172 4551 1500 4637 praedixit.

719 4730 738 4749 ⁸
765 4721 952 4773 verens]
981 4719 1161 4769 timeus,
1183 4721 1341 4764 interl.
1713 4720 1724 4821 Ι
1820 4725 1838 4747 ⁴²
1862 4717 2198 4771 percontatur]
2226 4719 2492 4773 interrogat,
2512 4723 2669 4769 interl.
2764 4692 2769 4697 Α

721 4784 743 4811 '³
767 4780 1088 4836 dispendium]
1114 4783 1349 4831 damnum,
1366 4782 1523 4826 interl.
