3600 5800
764 863 900 935 378
1244 844 1532 932 casnm<
1580 883 1674 932 DE
1718 883 2219 943 PONTIF-lomna
2267 882 2408 930 Ere.

765 1075 800 1105 “
843 1068 907 1134 A
952 1091 1057 1133 me
1101 1067 1406 1134 foetorem
1451 1089 1611 1133 mox
1655 1073 1736 1133 ut
1781 1067 2140 1155 depelleret
2183 1089 2488 1148 omnem3

764 1176 799 1205 “
845 1170 935 1234 Et
979 1169 1100 1234 lux
1145 1172 1340 1235 tanta
1383 1190 1640 1236 sacrum
1684 1170 2071 1261 perfuderat
2114 1170 2410 1256 undique
2454 1191 2775 1258 campum,

763 1280 798 1307 “
840 1272 1155 1357 Vinceret
1198 1278 1279 1338 ut
1321 1273 1535 1340 lucem
1582 1273 1737 1339 solis
1782 1272 1984 1338 simul
2029 1277 2232 1359 atque
2277 1274 2427 1338 diei.

427 1384 529 1432 and
551 1396 663 1461 sees
766 1380 799 1409 “
844 1373 926 1438 In
969 1373 1077 1438 his
1123 1395 1275 1460 ergo
1319 1374 1478 1440 locis
1524 1374 1714 1440 laetas
1760 1374 2065 1441 habitare
2110 1374 2421 1439 videbam

424 1449 695 1581 ffi‘iigffim
765 1484 800 1511 “
846 1476 1239 1543 Sanctorum
1286 1482 1554 1554 turmas,
1600 1477 1918 1562 sedesque
1963 1482 2188 1542 tenere
2235 1476 2477 1543 beatas.
2743 1473 2890 1565 970,

764 1586 799 1613 “
844 1578 1010 1644 Haec
1053 1600 1173 1664 ego
1218 1579 1624 1664 conspiciens
1670 1601 1931 1645 mecum
1975 1578 2362 1655 meditabar,
2410 1600 2499 1643 an
2545 1583 2764 1644 essent

764 1687 799 1714 “
844 1679 1075 1765 Regna
1118 1701 1401 1765 superna
1444 1680 1580 1765 poli
1625 1680 1879 1747 cunctis
1925 1679 2243 1766 promissa
2285 1678 2512 1744 beatis.

765 1789 800 1817 “
845 1781 1012 1847 Haec
1056 1781 1224 1846 mihi
1267 1780 1566 1847 volventi
1611 1782 1953 1868 respondit
1998 1782 2243 1859 ductor,
2292 1786 2361 1848 et
2405 1781 2596 1846 infit:
2643 1866 2648 1873 ἱ

768 1891 801 1919 “
848 1889 865 1917 ‘
887 1883 1061 1960 Non,
1108 1884 1282 1948 sicut
1326 1884 1467 1969 ipse
1509 1889 1723 1969 putas,
1772 1884 1976 1949 isthic
2020 1888 2180 1948 sunt
2223 1903 2428 1970 regna
2471 1881 2803 1967 polorum.’

770 1992 805 2020 “
850 1984 1092 2071 Fulget
1135 1985 1208 2048 in
1250 1990 1408 2049 ante
1452 2006 1645 2051 novae
1690 1984 1903 2070 major
1947 1984 2116 2049 mihi
2158 1983 2380 2070 gratia
2422 1984 2606 2061 lucis,
2741 1982 2868 2050 975

771 2095 805 2121 “
851 2086 1016 2167 Quae
1060 2087 1268 2152 nimio
1314 2092 1581 2172 superat
1625 2087 1837 2169 lucem
1885 2087 2139 2173 fulgore
2185 2087 2485 2172 priorem,

429 2193 512 2271 He
533 2193 627 2244 has
651 2210 684 2243 a
771 2196 804 2222 “
848 2187 1027 2253 Nam
1071 2193 1239 2253 tunc
1281 2187 1399 2253 illa
1441 2188 1620 2274 prior
1663 2209 1819 2253 vere
1863 2188 2253 2254 tenuissima
2296 2188 2446 2252 visa
2485 2192 2602 2252 est.

465 2275 643 2378 ἓξ
661 2261 720 2310 of
764 2296 800 2324 “
843 2289 994 2353 Vox
1038 2310 1298 2374 quoque
1343 2294 1734 2356 cantantum
1780 2294 2045 2355 resonat
2090 2288 2474 2356 dulcissima
2516 2287 2780 2364 ibidem,

766 2399 803 2427 “
847 2390 937 2457 Et
980 2413 1132 2459 cum
1171 2392 1316 2457 luce
1360 2386 1494 2456 fuit
1536 2391 1690 2456 miri
1733 2391 2098 2479 fragrantia
2143 2392 2376 2469 odoris,
2713 2391 2876 2474 [980

768 2502 801 2529 “
845 2493 948 2559 Ut
991 2494 1158 2558 mihi
1204 2499 1471 2580 propter
1516 2516 1660 2560 eam
1706 2495 2103 2578 parvissima
2143 2494 2362 2579 prima
2405 2496 2647 2578 putata
2690 2497 2810 2561 est.

768 2603 803 2631 “
852 2595 998 2676 Quo
1043 2616 1163 2660 nos
1210 2596 1370 2659 dum
1414 2595 1609 2660 laetus
1654 2616 1987 2680 sperarem
2030 2596 2295 2673 intrare,
2344 2600 2615 2679 repente

768 2704 801 2732 “
846 2695 1169 2762 Substitit
1211 2696 1350 2782 ipse
1394 2717 1581 2760 meus
1626 2695 1859 2760 ductor
1902 2717 2326 2781 gressumque
2371 2699 2721 2780 retorquet,

427 2813 541 2863 The
563 2811 717 2889 guido
766 2805 801 2832 “
845 2805 1070 2881 Meque
1105 2807 1221 2870 via,
1268 2817 1385 2881 per
1429 2817 1627 2880 quam
1671 2818 1792 2860 nos
1838 2806 2125 2870 venimus,
2173 2797 2329 2861 inde
2373 2805 2624 2868 reduxit,
2901 2828 3121 2883 Bedmv·
3145 2821 3262 2877 12„

427 2879 659 2996 ffiplmns
767 2907 802 2935 ιι
847 2899 1310 2986 ῙΠρῙ-ηῃῄρεφιθ
1356 2897 1598 2963 iterum
1644 2898 1860 2984 campi
1905 2897 2046 2964 loca
2089 2897 2366 2983 pulchra
2408 2897 2661 2983 prioriS,

769 3008 803 3036 “
849 3000 1093 3066 Omnia
1138 3021 1285 3086 quae
1329 2999 1489 3077 vidi,
1537 2999 1595 3064 si
1639 2999 1873 3065 scirem
1917 2999 2102 3076 forte,
2150 2999 2443 3084 requirit.
2740 3002 2869 3065 985
2983 3037 2991 3046 -

769 3109 804 3137 “
850 3110 866 3136 ‘
889 3101 1162 3168 Nescio’
1207 3101 1317 3168 cui
1363 3101 1548 3180 dixi3
1594 3100 1956 3186 statimque
1999 3100 2142 3167 haec
2184 3099 2448 3166 addidit
2491 3100 2645 3166 ille:

388 3242 393 3250 ·
429 3217 538 3269 The
561 3216 730 3280 vaney
769 3212 805 3239 “
850 3212 866 3239 ‘
887 3203 1136 3268 Vidisti
1181 3203 1420 3268 vassem
1465 3204 1749 3268 fiammis
1794 3208 1864 3269 et
1907 3202 2151 3290 frigore
2195 3203 2478 3289 plenam,

770 3313 806 3342 “
852 3315 868 3342 ‘
886 3306 971 3373 In
1015 3327 1149 3392 qua
1189 3327 1369 3373 nunc
1411 3307 1651 3372 animae
1696 3306 1913 3392 poenis
1957 3310 2327 3393 purgantur
2369 3306 2635 3384 acerbis,

429 3424 631 3484 gatory.
762 3417 805 3488 ξ’
851 3417 869 3445 ‘
890 3408 991 3476 Ae
1033 3409 1314 3474 redeunt
1357 3409 1599 3473 iterum
1646 3415 1948 3496 purgatae
1993 3409 2080 3474 ad
2124 3409 2397 3494 praemia
2441 3409 2618 3474 vitae.
2735 3433 2750 3448 ·

771 3521 806 3549 “
849 3519 867 3545 ‘
884 3511 982 3577 At
1026 3533 1181 3577 vero
1227 3516 1468 3597 puteus
1512 3511 1824 3597 putidum
1872 3512 1986 3597 qui
2034 3517 2338 3578 eructuat
2382 3513 2620 3598 ignem,
2746 3516 2877 3579 990

432 3627 547 3677 The
569 3627 695 3692 flery
772 3623 805 3650 “
853 3623 869 3649 ‘
888 3614 1010 3679 Est
1053 3634 1126 3679 os
1171 3614 1427 3692 inferni,
1476 3614 1684 3680 ruerit
1727 3635 1886 3679 nam
1932 3614 2229 3699 quisquis
2273 3615 2347 3679 in
2391 3614 2582 3679 illum

771 3725 807 3752 “
853 3720 870 3748 ‘
886 3715 1084 3780 Forte
1128 3715 1344 3793 semel,
1391 3735 1733 3801 nunquam
1778 3721 1931 3802 post
1974 3716 2118 3782 haec
2161 3716 2529 3782 salvabitur
2572 3716 2745 3782 inde.

772 3826 806 3853 “
851 3825 868 3853 ‘
886 3817 1180 3904 Floriger
1223 3818 1349 3882 iste
1394 3819 1590 3897 loeus,
1639 3840 1834 3904 quem
1880 3819 2172 3905 possidet
2214 3818 2367 3884 alba
2401 3819 2741 3905 juventus,

435 3932 546 3983 The
773 3928 807 3958 “
852 3929 868 3956 ‘
890 3920 1013 3985 Est
1056 3920 1312 4006 requies
1358 3920 1431 3984 in
1475 3943 1608 4006 qua
1651 3925 1954 4006 spectant
1998 3920 2285 3987 caelestia
2328 3942 2546 4007 regna,
2715 3923 2874 4006 [995

433 4000 644 4129 gffinm
774 4031 807 4059 “
854 4030 870 4058 ‘
896 4022 1028 4103 Qui
1073 4022 1248 4086 bona
1288 4027 1646 4107 gesserunt,
1694 4022 1999 4107 quamvis
2045 4045 2130 4087 ex
2178 4027 2366 4107 parte
2410 4024 2632 4087 minus
2678 4046 2876 4110 quam

433 4129 678 4197 paradise.
772 4134 808 4162 “
854 4134 872 4160 ‘
894 4124 1198 4190 Postulat
1241 4124 1419 4190 alma
1461 4125 1639 4190 fides.
1732 4125 1913 4190 Nam
1961 4126 2075 4210 qui
2108 4125 2436 4210 perfectus
2467 4126 2713 4212 ubique
2758 4133 2877 4204 est,

772 4236 808 4263 “
855 4237 871 4263 ‘
894 4227 997 4293 Ut
1039 4226 1320 4292 moritur
1364 4226 1591 4292 statim
1639 4226 1782 4292 caeli
1830 4227 2208 4311 penetrabit
2251 4227 2325 4292 in
2369 4226 2607 4305 aulam,

774 4337 809 4365 ‘⁴
856 4337 871 4365 ‘
889 4328 1189 4394 Pertinet
1231 4327 1318 4394 ad
1362 4328 1548 4413 cujus
1594 4327 1843 4394 vicinia
1886 4327 2180 4413 fulgidus
2225 4328 2339 4393 illo

777 4435 815 4466 “
861 4437 880 4468 ‘
903 4431 1078 4498 Luce
1122 4430 1303 4498 locus
1344 4430 1570 4508 nimia,
1617 4430 1771 4495 miri
1816 4451 2078 4516 quoque
2123 4430 2359 4516 plenus
2405 4431 2639 4510 odoris,

774 4540 809 4569 “
856 4542 872 4569 ‘
888 4533 990 4600 De
1038 4554 1168 4619 quo
1214 4538 1602 4600 cantantum
1648 4533 2038 4599 suavissima
2081 4554 2216 4598 vox
2261 4534 2624 4600 resonabat.
2706 4537 2881 4600 1000

435 4639 748 4722 Qritlfelmia
776 4642 810 4672 “
855 4645 872 4671 ‘
889 4637 992 4701 Tu
1036 4635 1196 4722 quia
1237 4658 1416 4704 nunc
1460 4637 1701 4701 iterum
1748 4636 1943 4700 debes
1989 4642 2319 4701 assumere
2365 4658 2614 4722 corpus

777 4747 811 4773 “
857 4747 874 4773 ‘
892 4739 1117 4823 Atque
1161 4738 1461 4804 homines
1503 4739 1682 4804 inter
1724 4738 2046 4804 moritura
2091 4738 2315 4804 vivere
2363 4740 2522 4816 vita,
