3600 5800
1183 924 1275 974 sr.
1321 922 1507 974 101111
1552 925 1638 973 or
1685 924 2066 975 ssvsansr.
2537 905 2665 971 533

570 1112 687 1178 ubi
733 1131 936 1199 supra
977 1115 1250 1197 accepta
1293 1117 1465 1177 sunt.
1562 1110 1811 1177 Scribit
1855 1111 2060 1175 etiam
2105 1112 2350 1194 praeter
2392 1107 2537 1172 haec
2564 1107 2666 1171 di-

567 1225 719 1267 cens
765 1201 942 1288 quod
984 1228 1234 1282 puerum
1270 1210 1515 1266 Comitis
1560 1201 1901 1287 cujusdam
1948 1205 2167 1264 orando
2203 1222 2238 1260 a
2271 1208 2460 1260 morte
2505 1222 2669 1260 revo·
2691 1217 2854 1279 Beda,

566 1302 819 1369 caverit3
871 1296 940 1357 et
969 1298 1246 1375 clericum
1269 1316 1440 1354 suum
1464 1298 1722 1354 cadendo
1746 1299 2065 1356 contritum
2089 1287 2162 1351 in
2191 1290 2457 1351 tantum
2489 1285 2667 1371 quod
2690 1299 2835 1349 0⁸91)-
2859 1300 2910 1333 V·
2934 1283 3002 1336 Vi·

565 1380 786 1466 pollex
852 1381 982 1447 sibi
1024 1378 1468 1466 frangebatur,
1523 1389 1802 1459 junctura
1837 1387 2048 1457 capitis
2092 1375 2195 1441 sui
2265 1376 2666 1442 dissolveba-
2692 1374 2853 1426 other
2872 1374 2965 1426 mi-

565 1477 694 1548 tur,
770 1480 840 1537 et
914 1471 1137 1538 omnia
1218 1469 1535 1534 interiora
1609 1470 1812 1535 etiam
1888 1466 2390 1553 quassabantur,
2468 1488 2666 1551 quem
2690 1442 2870 1493 ¹⁸⁰¹&

564 1569 782 1624 orando
818 1576 878 1625 et
910 1566 1303 1625 benedicendo
1336 1583 1373 1621 a
1407 1572 1593 1622 morte
1644 1564 2019 1630 revocaverit,
2087 1561 2156 1622 et
2222 1556 2498 1621 sanitati
2566 1578 2666 1621 re-

562 1648 874 1717 stituerit.
969 1649 1134 1731 Quae
1179 1652 1547 1734 sequuntur
1591 1669 1678 1712 ex
1737 1646 1909 1713 libro
1953 1646 2116 1713 vitae
2161 1668 2297 1713 suae
2359 1652 2669 1733 excerpta

565 1759 741 1818 sunt.
1938 1752 1964 1789 Χ

655 1856 768 1922 IV.
818 1856 1120 1938 Quodam
1165 1861 1460 1942 tempore
1503 1876 1656 1922 011111
1701 1877 1823 1920 rex
1869 1854 2163 1922 Osredus
2209 1861 2278 1921 et
2336 1853 2537 1922 multi
2583 1856 2665 1921 de

562 1961 937 2045 proceribus
990 1961 1128 2025 suis
1171 1960 1245 2024 in
1307 1959 1499 2024 domo
1547 1958 1837 2045 episcopi
1905 1981 2056 2026 cum
2101 1982 2179 2025 eo
2246 1959 2667 2046 pranderent,

563 2066 876 2153 praecepit
920 2067 1028 2130 vir
1072 2065 1200 2130 Dei
1267 2064 1597 2151 pincernis
1658 2065 1814 2142 suis,
1860 2064 2254 2130 timentibus
2318 2086 2402 2129 ne
2468 2069 2668 2150 potus

564 2168 1059 2254 supervenienti
1103 2166 1524 2232 multitudini
1572 2166 1893 2246 deficeret,
1945 2182 2061 2232 ties
2105 2166 2368 2255 impleri
2404 2176 2664 2247 hydrias,
2693 2182 2928 2246 Poleard,

562 2289 741 2327 unam
790 2273 947 2338 vino,
986 2270 1162 2326 aliam
1211 2271 1420 2336 mulso,
1461 2270 1698 2325 tertiam
1744 2269 2008 2326 cervisia.
2084 2269 2307 2337 Quibus
2358 2286 2545 2340 usque
2593 2270 2668 2326 ad
2692 2263 2742 2313 Ρ·
2768 2253 2953 2329 ²⁵.⁴‘⁵⁹

565 2369 860 2407 summum
913 2350 1189 2423 impletis,
1236 2342 1472 2408 beatus
1509 2348 1549 2404 J
1550 2348 1807 2404 ohannes
1854 2354 2094 2405 extensa
2130 2365 2313 2403 manu
2348 2366 2443 2418 eas
2495 2347 2665 2403 bene·
2692 2331 2805 2381 ‘³⁸9‘
2826 2332 2897 2367 Π·
2991 2413 2995 2419 ,

563 2439 732 2507 dixit,
770 2446 830 2496 et
863 2440 1161 2513 propinari
1195 2440 1489 2512 praecepit.
1562 2438 1866 2494 Hauriunt
1909 2439 2197 2520 pincernae
2234 2429 2665 2495 crescentium
2692 2440 2805 2492 'Phe
2828 2440 2972 2493 inex-

564 2519 906 2591 hydriarum
956 2521 1175 2575 fluenta
1231 2519 1497 2574 fecundis
1556 2518 1856 2583 calicibus,
1909 2526 1969 2576 et
2020 2538 2124 2592 per
2174 2519 2342 2574 laetos
2394 2519 2670 2575 convivas
2690 2508 2947 2586 hffu'ssfiblss

562 2604 808 2660 redeunt
843 2605 1222 2678 frequentius.
1295 2604 1596 2660 Hauriunt
1629 2604 1990 2671 inexhauste,
2040 2604 2310 2677 nihilque
2343 2604 2406 2659 in
2440 2604 2668 2677 hydriis
2692 2576 2966 2642 me’jm·

565 2697 807 2761 apparet
839 2690 1054 2754 totiens
1087 2688 1366 2745 hausisse.
1441 2688 1598 2744 Nam
1633 2705 1866 2761 semper
1900 2688 2228 2745 redundant
2262 2688 2338 2745 ad
2372 2706 2667 2746 summum

565 2790 763 2846 usque.
1722 2823 1730 2830 .

632 2867 1002 2927 Venerabilis
1038 2869 1213 2926 abbas
1237 2857 1729 2928 Beverlacensis
1758 2859 2166 2926 Bricthunus
2207 2874 2512 2942 paraverat
2544 2868 2667 2927 bal·
2692 2868 2855 2932 Idem,

562 2975 737 3014 neum
771 2958 898 3032 jam
935 2959 1161 3016 defesso
1192 2951 1506 3017 existenti
1543 2961 1707 3016 senio
1755 2959 2010 3033 praesuli,
2050 2965 2118 3016 ut
2151 2963 2276 3015 tam
2311 2958 2437 3030 ipse
2487 2978 2663 3032 quam
2693 2952 2804 3002 “⁸1''
2826 2954 2879 2987 ¹·

562 3047 657 3103 sui
692 3049 972 3105 secretius
1008 3054 1242 3121 possent
1278 3050 1454 3104 ablui.
1532 3041 1727 3121 Quod
1772 3063 1923 3106 cum
1982 3039 2233 3106 factum
2277 3044 2468 3118 esset,
2513 3063 2665 3107 con·
2691 3021 2742 3071 p'
2766 3007 2881 3055 κδ’

561 3130 771 3194 suluit
815 3138 1115 3193 humiliter
1165 3130 1560 3216 episcopum,
1607 3145 1809 3200 utrum
1844 3145 1977 3209 post
2009 3137 2286 3191 balneum
2337 3137 2665 3209 aliquantu-

562 3215 686 3273 lum
710 3220 836 3273 vini
859 3218 1168 3288 degustare
1193 3219 1354 3274 velit.
1427 3221 1512 3274 At
1535 3219 1637 3274 ille
1658 3216 1890 3290 placido
1913 3216 2083 3271 vultu
2105 3214 2252 3269 dicit
2279 3215 2391 3271 sibi
2416 3216 2663 3288 placere,

561 3296 613 3352 si
646 3299 763 3354 sibi
785 3298 860 3354 ad
893 3315 1133 3352 manum
1168 3291 1377 3376 possit
1412 3297 1626 3352 venire.
1699 3288 2076 3354 Accersitus
2121 3286 2503 3352 Briotredus
2538 3298 2666 3368 pin-

561 3403 755 3451 cerua,
809 3384 1163 3457 jubeturque
1223 3391 1289 3441 ut
1345 3386 1553 3441 vinum
1621 3400 1707 3443 ex
1771 3375 2059 3464 quodam
2107 3376 2405 3443 flaxcone
2470 3400 2667 3464 quem

561 3478 765 3545 abbas
828 3477 1067 3544 habuit
1127 3478 1200 3544 in
1245 3478 1508 3546 cellario
1574 3481 1884 3568 propinet
1944 3480 2262 3567 episcop0.
2354 3488 2466 3556 Qui
2523 3489 2665 3545 dum
2692 3494 3004 3549 Thehroken

561 3578 808 3635 festinus
845 3574 1106 3657 pareret
1133 3577 1386 3649 jubenti,
1432 3581 1836 3652 properantius
1887 3597 2068 3651 agens
2100 3597 2193 3638 ,ex
2241 3578 2454 3635 affectu
2505 3579 2667 3636 obse-
2690 3562 2990 3615 Winffiflffik·

562 3670 709 3739 quii,
761 3660 1071 3727 incautus
1129 3668 1194 3723 in
1253 3668 1473 3739 pariete
1533 3669 1775 3742 reliquit
1833 3668 2257 3742 dependentem
2316 3668 2665 3740 praedictum

559 3750 870 3806 flasconem
903 3749 1047 3806 vini.
1124 3747 1237 3816 Qui
1273 3749 1448 3804 altius
1496 3766 1787 3815 corruens,
1828 3767 1933 3822 per
1965 3748 2226 3804 medium
2280 3748 2542 3816 finditur,
2580 3750 2668 3806 ita

447 3866 454 3876 ·
562 3841 630 3890 ut
664 3834 728 3889 in
763 3834 990 3890 duabus
1023 3832 1286 3905 partibus
1321 3831 1692 3890 divideretur.
1770 3834 1889 3890 Sed
1925 3832 2064 3904 quia
2098 3832 2168 3897 is,
2207 3831 2306 3928 cui
2339 3837 2512 3903 potus
2565 3832 2667 3890 ille

560 3920 916 3985 servabatur,
954 3935 1059 3976 vas
1111 3917 1311 3972 electae
1361 3916 1716 3988 integritatis
1768 3918 1894 3974 Deo
1945 3921 2093 3984 erat,
2129 3917 2412 3972 nimirum
2462 3923 2666 3989 potum

559 4003 731 4059 illum
778 4004 939 4059 Deus
987 4002 1052 4058 in
1099 4001 1364 4073 partibus
1411 4002 1565 4058 vasis
1613 4001 1790 4058 divisi
1838 4001 2233 4059 conservabat.
2319 4001 2380 4057 N
2379 4019 2475 4058 am
2525 4003 2665 4060 hino

558 4095 693 4153 inde
748 4103 968 4153 semota
1016 4112 1152 4167 pars
1201 4111 1237 4149 a
1285 4101 1453 4166 parte
1489 4096 1697 4160 stabat,
1742 4096 2063 4168 vinumque
2114 4086 2367 4151 Divina
2410 4087 2666 4155 virtute

558 4185 734 4256 quasi
779 4184 1152 4255 congelatum
1195 4196 1333 4240 non
1363 4174 1685 4241 effluebat.
1775 4176 2144 4244 Accurrens
2189 4197 2344 4263 ergo
2392 4185 2667 4254 pincerna

558 4266 913 4352 praedictus
959 4290 1109 4334 cum
1155 4266 1441 4355 quodam
1471 4264 1810 4345 monacho,
1839 4267 2144 4331 videntes
2189 4270 2366 4352 quod
2409 4266 2666 4333 factum

558 4362 677 4436 est,
714 4366 1038 4438 suscipiunt
1074 4359 1310 4425 vinum
1345 4364 1411 4420 in
1455 4364 1572 4419 alio
1626 4382 1779 4430 vase,
1818 4364 2040 4435 gratias
2089 4370 2328 4437 agentes
2364 4365 2507 4431 Dec,
2546 4365 2662 4435 Qui

556 4447 701 4503 talia
735 4453 1006 4519 operatur
1040 4449 1104 4504 in
1131 4449 1345 4507 Sancto
1383 4444 1423 4500 J
1422 4446 1649 4501 ohanne
1683 4445 2031 4517 complacito
2052 4462 2188 4503 vase
2222 4445 2663 4503 inhabitationis

561 4531 715 4588 Suae.

623 4625 697 4684 V.
736 4624 812 4681 In
847 4626 1128 4695 Eboracm
1164 4626 1228 4683 in
1283 4617 1555 4684 ecclesia
1605 4615 1841 4684 Sancti
1888 4615 2231 4684 Michaelis
2295 4638 2444 4703 quse
2507 4639 2657 4705 pro-

552 4719 806 4808 pinqua
872 4721 1096 4787 domui
1143 4721 1432 4809 episcopi
1497 4721 1648 4799 fuit,
1693 4722 1837 4810 ipse
1899 4722 2006 4787 vir
2050 4719 2180 4786 Dei
2227 4729 2474 4797 quadam
2530 4729 2660 4787 viee

556 4827 726 4891 ostio
772 4825 992 4891 clauso
1041 4826 1201 4891 dum
1247 4825 1529 4892 orationi
1576 4825 1856 4892 devotus
1918 4827 2309 4907 intenderet,
2355 4836 2665 4892 visibiliter

555 4924 911 4982 cernendum
956 4924 1031 4981 Se
1093 4924 1157 4980 in
1216 4926 1407 4998 specie
1465 4923 1770 4988 candentis
1827 4925 2113 4982 columbae
2172 4926 2263 4983 illi
2324 4916 2664 5004 praebebat
