3600 5800
1231 889 1550 938 Aucti-ont
1597 888 1814 937 Enmo
1858 880 2231 936 STEPHANO.
2701 873 2783 934 25

688 1082 845 1151 tum,
908 1073 994 1138 ad
1060 1072 1394 1158 exemplar
1436 1074 1511 1137 in
1571 1079 1793 1137 monte
1859 1078 2296 1137 monstratum
2362 1093 2405 1136 a
2466 1072 2623 1147 Deo,
2700 1071 2787 1136 ad

682 1175 1139 1243 concitandam
1186 1174 1547 1242 Israelitico
1591 1174 1836 1261 populo
1879 1175 2157 1242 culturae
2201 1174 2330 1240 Dei
2389 1175 2604 1251 fidem,
2651 1174 2782 1239 dis·

682 1278 911 1344 tinctis
954 1277 1161 1344 variis
1203 1277 1527 1343 coloribus
1571 1278 1948 1354 aedificavit,
1992 1277 2092 1343 ita
2148 1299 2306 1342 vero
2366 1276 2782 1343 beatissimus

682 1380 1061 1445 Wilfrithus
1107 1379 1447 1466 episcopus
1492 1378 1860 1445 thalamum
1905 1379 2047 1444 veri
2093 1379 2332 1465 Sponsi
2379 1384 2448 1444 et
2492 1378 2780 1465 Sponsae,

599 1554 615 1568 Ι
681 1481 755 1545 in
799 1486 1147 1567 conspectu
1192 1481 1598 1567 populorum,
1644 1480 1835 1547 corde
1880 1480 2300 1557 credentium,
2347 1486 2417 1546 et
2460 1480 2589 1545 fide
2633 1502 2782 1546 con-

682 1583 1032 1661 fitentium,
1077 1604 1240 1649 auro
1301 1588 1373 1648 et
1430 1588 1719 1669 argente,
1781 1604 2200 1669 purpuraque
2265 1582 2454 1648 varia
2514 1582 2784 1649 mirifice

682 1687 1032 1753 decoravit.
1123 1687 1300 1751 Nam
1368 1687 1443 1750 in
1509 1686 1764 1772 Hrypis
1833 1687 2169 1753 basilicam
2229 1687 2438 1773 polito
2485 1686 2702 1773 lapide
2745 1709 2788 1752 a
2812 1702 2894 1753 He
2917 1704 3084 1756 builds
3183 1680 3194 1691 ⁸

680 1788 1127 1854 fundamentis
1190 1789 1262 1854 in
1328 1794 1504 1853 terra
1570 1810 1777 1873 usque
1839 1789 1926 1857 ad
1987 1810 2317 1855 summum
2377 1770 3075 1905 aedificatam,2tb1{⁸1²)¹¹0{⁸
3171 1804 3176 1809 ’

682 1891 882 1956 variis
927 1890 1246 1957 columnis
1292 1896 1362 1955 et
1406 1890 1766 1977 porticibus
1813 1889 2171 1968 suffultam,
2202 1891 2276 1955 in
2318 1889 2531 1994 altum
2575 1890 2788 1956 erexit

684 1999 755 2059 et
795 1992 1289 2058 consummavit

771 2094 817 2160 J
818 2118 924 2161 am
970 2103 1197 2183 postea
1240 2095 1530 2181 perfecta
1572 2095 1788 2172 domu,
1835 2093 1923 2160 ad
1989 2093 2164 2159 diem
2229 2094 2577 2161 dicationis
2645 2095 2786 2181 ejus
2812 2108 2925 2159 The
2949 2111 3088 2162 dedi-

685 2197 986 2262 invitatis
1031 2197 1296 2283 regibus
1342 2195 1924 2263 Christianissimis
1987 2195 2326 2282 Ecgsritho
2371 2202 2440 2262 et
2481 2195 2840 2277 AElwinoss
2813 2176 2980 2228 cation
2995 2179 3077 2229 ⁰f
3065 2186 3119 2229 st·

687 2299 939 2364 duobus
982 2299 1315 2375 statribus,
1360 2320 1511 2366 cum
1554 2298 1926 2375 abbatibus»,
1970 2298 2442 2384 praefectisque,
2505 2304 2575 2363 et
2633 2300 2785 2365 sub-

686 2398 962 2489 regulis3
1034 2403 1370 2489 totiusque
1415 2403 1762 2489 dignitatis
1827 2424 2123 2490 personae
2189 2403 2387 2469 simul
2447 2405 2520 2468 in
2578 2424 2785 2469 unum

686 2509 1167 2589 convenerunt;
1255 2508 1719 2583 consecra-ntea,
1795 2504 2154 2571 secundum
2230 2505 2786 2592 sapientissimum

689 2607 1119 2687 Salomonem,
1164 2609 1431 2674 domum
1477 2608 1765 2675 Domino
1810 2607 1884 2673 in
1926 2608 2239 2674 honorem
2260 2607 2283 2646 1
2332 2594 2586 2676 Sancti
2608 2611 2787 2674 Petri

687 2712 1151 2798 Apostolorum
1192 2713 1507 2799 principis
1552 2712 1854 2791 dicatam,
1902 2735 2250 2799 precesque
2311 2714 2384 2778 in
2443 2736 2522 2780 ea
2579 2736 2784 2801 popu-

687 2815 896 2880 lorum
966 2816 1477 2904 suffiagantem:
1568 2815 1777 2882 altare
1801 2815 1827 2855 ²
1916 2838 2175 2904 quoque
2249 2840 2399 2885 cum
2490 2819 2788 2885 bassibus
2861 2810 2870 2818 ⁸

686 2919 820 2982 suis
882 2917 1169 2984 Domino
1235 2918 1626 2997 dedicantes,
1701 2919 2120 3007 purpuraque
2193 2943 2354 2987 auro
2426 2927 2616 2988 texta
2687 2922 2787 2987 in-

688 3022 1005 3101 duentes;
1092 3021 1452 3108 populique
1525 3023 2082 3091 communicantes
2171 3026 2396 3091 omnia
2481 3026 2789 3093 canonice

688 3125 1192 3211 compleverunt.

777 3234 976 3299 Stans
1038 3233 1262 3319 itaque
1325 3231 1607 3300 Sanctus
1668 3232 2049 3301 wilfi-ithus
2110 3234 2451 3324 episcopus
2493 3242 2651 3303 ante
2694 3235 2788 3303 al·
2814 3251 3037 3302 wilfi-id
3039 3269 3063 3302 s
3187 3239 3204 3254 ““

690 3312 843 3411 taine
889 3356 1243 3402 conversus
1286 3335 1373 3400 ad
1417 3336 1752 3422 populum,
1799 3357 2018 3403 coram
2077 3337 2341 3422 regibus
2401 3359 2790 3404 enumerans
2813 3319 3029 3437 ξξξξὲξῐ

688 3437 997 3523 regiones,
1047 3457 1210 3522 quas
1272 3442 1431 3501 ante
1494 3458 1679 3524 reges
1745 3459 1866 3523 pro
1926 3438 2274 3503 animabus
2319 3438 2471 3516 suis,
2519 3444 2590 3505 et
2632 3444 2793 3506 tunc

689 3538 759 3601 in
804 3538 921 3614 illa
967 3537 1090 3613 die,
1138 3559 1288 3604 cum
1334 3537 1652 3606 consensu
1699 3544 1767 3603 et
1812 3539 2291 3627 subscriptione
2343 3540 2791 3628 episcoporum

691 3647 759 3703 et
802 3639 1096 3706 omnium
1142 3639 1515 3725 principum
1560 3640 1677 3725 qui
1720 3640 1822 3704 illi
1869 3641 2207 3719 dederunt,
2253 3642 2470 3708 lucide
2530 3643 2791 3709 enunti—

692 3743 877 3820 avit;
933 3764 1187 3809 necnon
1247 3749 1321 3808 et
1373 3764 1453 3808 ea
1511 3742 1655 3808 loca
1705 3741 1978 3809 sancta⁸
2038 3744 2112 3808 in
2173 3744 2452 3810 diversis
2513 3746 2792 3831 regioni-

692 3842 832 3920 bus,
879 3865 1025 3929 quae
1071 3845 1295 3932 clerus·
1326 3845 1727 3932 Brytannm,
1773 3845 1980 3912 aciem
2038 3845 2246 3933 gladii
2289 3846 2549 3912 hostilis
2593 3868 2794 3912 manu

693 3947 909 4034 gentis
982 3955 1224 4015 nostrae
1297 3948 1577 4037 fugienS,
1653 3948 1958 4015 deseruit.
2083 3947 2247 4016 Erat
2320 3948 2563 4037 quippe
2653 3949 2796 4017 Deo

694 4051 1009 4139 phcabile
1053 4053 1315 4131 donum,
1349 4053 1526 4139 quod
1570 4052 1859 4140 religiosi
1903 4075 2086 4140 reges
2131 4059 2271 4120 tam
2314 4053 2560 4119 multas
2589 4060 2796 4119 terras

761 4318 775 4349 ¹
826 4317 941 4369 'rho
995 4316 1259 4368 medimal
1316 4315 1591 4380 ascription
1647 4317 1709 4366 of
1788 4315 1951 4366 teries.
2020 4317 2234 4383 Among
2269 4317 2356 4367 the
2395 4318 2710 4369 dedicatione
2743 4320 2804 4371 of

694 4397 864 4462 Bipon
884 4396 1104 4448 Minister
1141 4411 1247 4445 vas
1286 4400 1340 4444 to
1380 4396 1456 4446 St.
1483 4395 1699 4446 wilfi-ed
1787 4395 1878 4444 the
1902 4395 2183 4446 Yorkshire
2205 4396 2451 4448 ehurohes
2473 4396 2616 4448 there
2649 4396 2694 4448 is
2727 4414 2796 4451 an

695 4478 795 4526 and
835 4477 911 4528 St.
950 4475 1120 4526 Peter.
1187 4475 1333 4534 Now,
1371 4473 1486 4524 that
1528 4482 1585 4524 to
1625 4475 1699 4527 St.
1788 4473 1974 4524 almost
1996 4475 2248 4538 complete
2270 4476 2486 4527 absence
2517 4478 2578 4528 of
2601 4478 2672 4529 all
2705 4479 2795 4528 the

694 4555 847 4606 Peter
870 4555 965 4606 has
986 4557 1117 4605 been
1141 4554 1411 4618 fon-gottern.
1789 4551 1953 4604 Celtic
1978 4552 2155 4604 saints.
2223 4554 2336 4605 The
2357 4556 2598 4620 probatle
2620 4559 2794 4623 explo-

760 4635 781 4667 ²
812 4633 997 4699 ‹11ch
1028 4633 1408 4693 adiutore,MS.
1788 4632 1966 4682 nation
2009 4632 2054 4682 is
2091 4632 2203 4684 that
2227 4633 2447 4696 wilfi-id,
2481 4642 2593 4686 true
2626 4644 2682 4689 to
2714 4636 2796 4688 his

760 4712 781 4746 ³
815 4713 1070 4777 Probably
1093 4711 1183 4762 the
1216 4712 1361 4762 ruins
1398 4712 1461 4762 of
1490 4712 1579 4762 the
1614 4711 1701 4761 old
1790 4718 2002 4776 system,
2024 4711 2290 4765 dedicated
2311 4713 2453 4765 them
2475 4716 2662 4768 astesh.

695 4791 891 4843 British
930 4792 1184 4844 elim-chen
1222 4792 1326 4842 and
1368 4790 1507 4842 their
1542 4806 1702 4842 ccmo·
