3600 5800
735 861 866 921 358
1204 874 1489 924 CARMEN
1532 877 1628 924 DE
1674 877 2167 938 PONTIFICIBUS,
2217 880 2356 927 Ero.

734 1053 1052 1140 Prodigus
1098 1057 1172 1121 in
1217 1056 1488 1122 Domini
1532 1080 1844 1143 gazarum
1890 1060 2132 1145 sparsit
2175 1059 2532 1141 honorem3
2705 1068 2833 1130 285

734 1155 1149 1243 Quapropter
1194 1158 1419 1223 titulis
1464 1159 1797 1223 virtutum
1846 1159 2100 1237 claruit,
2148 1166 2350 1245 atque

734 1256 1089 1342 Signorum
1135 1258 1374 1323 celebri
1419 1259 1598 1324 fama
1643 1266 1761 1325 est=
1789 1260 2104 1346 vulgatus
2149 1263 2412 1348 ubique,

735 1357 898 1437 Quae
945 1359 1137 1424 modo
1181 1382 1298 1446 per
1342 1361 1663 1424 mundum
1710 1360 1954 1426 chartis
2000 1363 2317 1449 inscripta
2361 1364 2703 1451 leguntur:

738 1459 1031 1539 Quorum
1051 1459 1075 1497 ¹
1122 1483 1330 1546 pauca
1374 1462 1539 1526 libet
1582 1461 1789 1546 lyrico
1835 1484 2013 1528 nunc
2058 1470 2327 1549 tangere
2374 1466 2635 1551 plectro,

735 1561 823 1625 Et
868 1568 1087 1647 partes
1128 1569 1359 1628 cantus
1405 1563 1654 1628 calamo
1701 1572 2003 1629 currente
2049 1566 2299 1631 referre.
2708 1575 2840 1638 290

394 1677 640 1728 Oswald's
734 1662 1051 1749 Tempore
1097 1685 1251 1728 nam
1297 1663 1581 1748 quodam
1630 1665 1869 1748 praesul
1914 1667 2363 1732 sanctissimus
2408 1670 2626 1735 AEdan
2865 1683 2946 1759 qs.
2971 1684 3128 1746 Beda,

394 1743 707 1873 {ssssffim
736 1764 906 1830 Cum
952 1787 1101 1851 rege
1147 1770 1216 1829 et
1260 1764 1503 1849 populo
1548 1764 1891 1829 Paschalia
1934 1765 2103 1831 festa
2146 1769 2435 1852 peregit3
2866 1763 2939 1798 ¹¹¹·
2961 1755 3012 1799 ⁶·

393 1892 491 1935 one
516 1879 708 1927 master.
739 1867 928 1952 (Ejus
974 1888 1093 1931 rex
1139 1865 1409 1930 monitis
1454 1886 1609 1929 nam
1656 1865 1835 1930 omni
1882 1868 2161 1932 servivit
2205 1866 2284 1933 in'
2321 1872 2521 1956 actu.)

735 1966 1028 2031 Plurima
1072 1988 1190 2052 per
1232 1965 1484 2051 plateas
1528 1965 1800 2051 inopum
1847 1972 2011 2033 tunc
2056 1969 2254 2034 turba
2287 1970 2570 2055 jacebat,

735 2070 797 2132 A
844 2090 1003 2157 rege
1040 2069 1279 2153 stipem
1324 2067 1618 2153 rogitans
1668 2067 1951 2134 clamore
1995 2069 2340 2155 frequenti.
2707 2080 2833 2142 295

736 2169 1119 2256 Ingrediens
1163 2167 1436 2233 recubat
1469 2167 1612 2253 jam
1660 2173 1728 2233 et
1772 2191 1892 2233 rex
1936 2170 2135 2235 simul
2179 2179 2379 2257 atque
2425 2176 2738 2254 sacerdos,
2837 2246 2847 2251 ,

732 2269 1143 2361 Argentique
1187 2268 1370 2354 prius
1415 2274 1801 2353 pensantem
1847 2270 2134 2355 plurima.
2178 2272 2429 2339 discum

733 2369 1075 2447 Pondera?
1117 2391 1266 2435 cum
1313 2369 1593 2456 dapibus
1639 2370 1879 2456 statim,
1914 2373 2162 2438 direxit
2205 2376 2440 2461 egenis,

398 2482 570 2533 AEdan
732 2473 922 2537 Vidit
966 2478 1045 2537 ut
1089 2473 1212 2538 hoc
1255 2472 1514 2559 praesul,
1564 2472 1867 2539 dextram
1912 2478 2323 2561 comprendit
2367 2484 2437 2542 et
2480 2479 2665 2546 infit:

392 2550 581 2680 ξξῗιὲὃῗ
604 2551 690 2601 ‘¹¹⁸
732 2583 766 2608 “
797 2564 1206 2658 Incorrupta,
1229 2593 1468 2658 precor,
1502 2579 1769 2638 maneat
1798 2596 2034 2640 manus
2064 2576 2212 2671 ista·
2222 2600 2343 2663 per
2357 2601 2576 2644 aevum
2600 2586 2612 2644 ἔ
2633 2582 2665 2605 ”
2700 2586 2830 2647 300

395 2683 550 2767 ιςαυᾶ.
732 2680 925 2762 Quod
968 2662 1099 2743 fuit
1142 2684 1212 2743 et
1253 2680 1543 2758 factum;
1591 2686 1817 2745 sancto
1861 2703 2016 2746 nam
2063 2704 2210 2769 rege
2255 2693 2611 2771 perempto,

731 2781 983 2846 Gentili
1027 2780 1248 2867 gladio
1294 2780 1633 2867 praecisam
1679 2804 1721 2846 a
1765 2804 2030 2868 corpore
2076 2784 2376 2850 dextram
2849 2811 3016 2888 Reda,

734 2883 981 2971 Stipite
1025 2884 1481 2970 suspendunt3
1526 2883 1800 2950 veniens
1846 2907 1964 2949 rex
2008 2883 2188 2950 iuius
2233 2886 2435 2965 hereS,
2852 2894 2919 2929 ¹¹¹·
2950 2883 3010 2929 ¹²

735 2987 962 3064 Osuui,
1005 3009 1373 3073 germanus,
1419 2987 1716 3074 germani
1761 2993 1831 3052 et
1873 2987 2212 3074 sanguinis
2257 2989 2448 3066 ultor,

392 3099 503 3151 The
530 3101 671 3150 hand
731 3089 1037 3175 Arripuit
1083 3090 1403 3168 dextram,
1452 3090 1874 3175 Bebbamque
1893 3088 1919 3127 ³
1960 3090 2213 3155 ferebat
2257 3092 2331 3156 in
2374 3092 2619 3171 urbem,
2700 3097 2826 3160 :305

394 3167 670 3297 ζζέοξξξὲῐ
730 3193 1010 3279 Argenti
1056 3192 1341 3259 condens
1387 3191 1599 3258 loculo
1643 3192 1768 3257 sub
1813 3192 2098 3257 culmine
2144 3193 2391 3279 templi,

393 3299 445 3348 in
469 3302 624 3350 Bam·
732 3295 926 3375 Quod
971 3295 1154 3382 prius
1198 3295 1339 3381 ipse
1386 3294 1528 3360 Deo
1574 3294 1816 3361 statuit
1859 3295 1983 3359 sub
2028 3295 2293 3360 nomine
2339 3296 2532 3362 Petri.

392 3367 627 3483 ξζζῖξξῗι
730 3398 1071 3464 Hactenus
1118 3398 1442 3483 integram
1488 3396 1626 3462 fore
1671 3398 1861 3483 signo
1907 3404 2009 3463 est
2054 3398 2304 3485 ungula
2348 3421 2653 3478 crescens,

736 3500 1003 3564 Flexilis
1047 3505 1117 3564 et
1161 3520 1420 3576 nervus,
1454 3499 1689 3563 viridis
1734 3521 1901 3577 eam,
1947 3499 2160 3566 forma
2206 3508 2501 3569 venusta.

820 3601 1028 3687 Cujus
1074 3606 1324 3687 quanta
1368 3601 1528 3665 fides
1574 3601 1791 3667 fuerat
1839 3601 1946 3666 vel
1992 3602 2095 3667 vis
2141 3604 2541 3684 meritorum,
2703 3610 2834 3672 310

738 3704 888 3771 Post
930 3709 1209 3770 mortem
1255 3703 1466 3768 nituit
1508 3704 1718 3788 magis
1763 3725 1841 3768 ac
1886 3704 2096 3791 magis
2141 3706 2436 3794 undique
2482 3709 2701 3795 signis.

735 3808 798 3871 N
801 3828 1037 3893 amque
1081 3805 1197 3871 ubi
1242 3827 1360 3892 pro
1403 3806 1620 3891 patria
1661 3827 1966 3892 pugnans
2011 3828 2054 3872 a
2095 3815 2296 3895 gente
2341 3819 2720 3899 peremptus

728 3909 993 3996 Pagana
1037 3909 1287 3990 cecidit,
1333 3908 1509 3973 fiunt
1553 3908 1632 3973 de
1679 3907 1950 3994 pulvere
1996 3910 2232 3976 multa*
2856 3930 2938 4010 95.
2951 3934 3119 4049 5peda,

2856 4013 2924 4049 m.
2985 4038 2997 4049 .

802 4191 815 4224 ¹
860 4191 1106 4257 Quorum]
1138 4189 1735 4253 Jaff6;Quarum‚MS.,
1825 4197 1858 4221 “
1892 4196 1908 4221 ‘
1932 4202 2104 4244 rescat
2152 4194 2261 4246 haec
2307 4200 2577 4249 manuam
2644 4203 2833 4265 (Redin,

733 4274 876 4334 Gale,
899 4274 1002 4322 and
1024 4273 1243 4322 Froben.
1829 4272 1897 4321 Η.
1922 4272 1984 4323 Ε.
2006 4272 2078 4323 iii.
2104 4275 2179 4338 6.)

802 4352 825 4384 ²
856 4350 1116 4416 Pandora]
1169 4354 1201 4380 ‘⁸
1219 4349 1413 4400 discum
1463 4350 1737 4416 confringi,
1894 4350 1916 4383 ³
1948 4351 2328 4418 Bamborough,
2345 4370 2468 4406 near
2488 4358 2830 4411 Lindisfarne·

732 4435 766 4458 ‘⁶
802 4439 953 4495 atque
1003 4429 1194 4480 eisdem
1243 4428 1531 4482 minutatim
1578 4429 1737 4480 dividi
1828 4429 1937 4480 The
1959 4431 2224 4482 mediaeval
2247 4434 2438 4486 church
2464 4437 2582 4487 here
2616 4438 2659 4489 is
2694 4440 2832 4489 dedi-

733 4513 765 4538 “
801 4508 1057 4573 praecepit.
1103 4511 1221 4570 Quo
1244 4508 1371 4570 viso,
1393 4508 1628 4573 pontifex
1654 4508 1737 4572 qui
1829 4511 1975 4559 cated
2014 4511 2068 4560 to
2109 4511 2185 4564 St.
2225 4514 2416 4564 Aidan.
2483 4518 2594 4567 The
2630 4533 2741 4568 arm
2776 4521 2837 4569 of

734 4594 768 4618 “
804 4589 1075 4650 assidebat,
1122 4589 1400 4639 delectatus
1456 4588 1545 4640 tali
1600 4590 1741 4640 facto
1831 4589 1918 4639 the
1955 4589 2083 4656 king
2112 4608 2215 4642 was
2251 4594 2550 4647 afterwards
2587 4599 2740 4648 taken
2777 4606 2830 4648 to

737 4671 767 4696 “
803 4667 1023 4732 pietatis,
1089 4668 1422 4731 adprehendit
1511 4671 1741 4719 dextram
1831 4667 2231 4738 Peterborough.
2299 4674 2378 4725 Cf.
2404 4674 2614 4728 smith’s
2636 4685 2756 4729 note
2779 4688 2831 4730 to

733 4750 766 4774 “
803 4745 934 4809 ejus,
977 4753 1029 4796 et
1066 4745 1156 4808 ait,
1199 4747 1505 4809 ‘Nunquam
1551 4747 1742 4798 invete-
1833 4747 1990 4811 Beda,
2014 4747 2081 4799 H.
2107 4750 2169 4800 E.
2193 4748 2264 4799 iii.
2291 4758 2339 4802 6.
