3600 5800
812 879 939 943 286
1330 890 1691 947 MIRACULA
1733 890 1978 942 smmi
2019 892 2382 956 sommus

808 1081 1013 1163 pater,
1060 1097 1181 1144 nec
1225 1078 1344 1143 diu
1411 1077 1739 1158 dilatavit,
1786 1079 1965 1165 quod
2027 1079 2389 1146 multorum
2453 1080 2723 1146 hortatu
2766 1098 2915 1166 pro-

808 1185 1155 1265 posuerat;
1227 1180 1362 1246 imo
1438 1182 1829 1265 quantocius
1904 1181 2314 1261 fiducialiter,
2391 1203 2527 1248 non
2601 1184 2741 1248 sine
2802 1182 2916 1268 pia

807 1282 1047 1346 mentis
1110 1282 1476 1360 devotione,
1525 1282 1704 1349 dulci
1772 1283 2124 1349 comitatus
2169 1283 2324 1362 filio,
2394 1284 2480 1350 ad
2556 1284 2869 1351 dilectum
2885 1280 2912 1320 ¹

806 1382 854 1447 J
853 1383 1179 1449 ohannem
1222 1384 1352 1449 iter
1395 1384 1693 1471 arripuit.
1789 1385 1961 1452 Cum
2023 1392 2249 1452 autem
2309 1408 2446 1454 una
2490 1409 2641 1453 cum
2684 1386 2914 1452 multis

805 1488 922 1572 qui
993 1488 1082 1554 ad
1168 1487 1605 1554 festivitatem
1680 1488 2191 1575 circumquaque
2288 1490 2764 1572 confluxerant,
2840 1490 2915 1553 in

805 1589 1076 1656 ecclesia
1137 1589 1337 1655 simul
1397 1595 1893 1677 pernoctassent
1936 1596 2132 1681 pater
2175 1597 2244 1658 et
2287 1592 2480 1670 filius,
2510 1597 2579 1657 et
2622 1614 2742 1680 pro
2788 1590 2913 1655 filii

803 1692 1143 1759 curatione
1219 1693 1681 1759 universorum
1727 1693 2077 1761 Conditori
2168 1694 2328 1773 De0,
2405 1716 2622 1761 coram
2668 1694 2910 1761 dilecto

803 1794 930 1861 sibi
997 1796 1048 1860 J
1045 1796 1319 1876 ohanne,
1386 1798 1657 1884 pietatis
1721 1819 1942 1884 preces
2009 1804 2199 1885 pater
2261 1798 2662 1878 effunderet3
2706 1798 2911 1883 coepit

804 1918 1021 1964 coram
1065 1898 1528 1977 assidentibus,
1576 1899 1750 1965 sicut
1794 1904 2228 1966 consueverat
2257 1922 2405 1966 cum
2438 1900 2575 1965 filio
2607 1890 2907 1984 colloqui,

803 2000 1114 2087 quoniam
1160 2022 1339 2087 puer,
1385 2001 1543 2066 licet
1585 2001 1834 2088 linguae
1880 2003 2323 2069 moderamine
2391 2003 2768 2081 destitutus,
2815 2001 2910 2067 al-

800 2102 1214 2189 loquentium
1260 2104 1464 2169 verba
1507 2104 1737 2190 patulo
1782 2104 2173 2171 advertebat
2232 2105 2487 2184 auditu,
2534 2112 2603 2170 et
2646 2106 2720 2168 in
2764 2104 2910 2191 qui-

466 2211 578 2265 The
601 2214 740 2268 child
801 2207 927 2272 bus
990 2211 1254 2294 poterat
1306 2206 1520 2271 libens
1585 2206 1795 2293 patris
1860 2208 2139 2293 parebat
2184 2206 2480 2294 imperio.
2574 2208 2706 2274 Sed
2752 2208 2912 2273 dum

463 2294 794 2414 {52⁰}ssth
803 2316 992 2397 pater
1034 2310 1425 2387 attenderet,
1470 2313 1552 2374 ut
1614 2331 1934 2375 manuum
1957 2307 1984 2348 ²
2027 2310 2273 2377 indicio
2319 2311 2515 2377 solito
2566 2332 2747 2377 more
2791 2332 2912 2376 suo

804 2412 980 2477 filius
1025 2413 1201 2500 patri
1245 2412 1594 2492 innueret3
1639 2417 1708 2477 et
1753 2411 1976 2498 signis,
2026 2413 2184 2497 quia
2212 2413 2438 2478 verbis
2466 2434 2604 2479 non
2632 2417 2908 2500 poterat,

745 2586 758 2593 ,
802 2516 1014 2583 cordis
1059 2521 1309 2582 secreta
1352 2519 1710 2596 reseraret3
1754 2514 1828 2579 in
1873 2515 2311 2581 admiratione
2355 2516 2717 2582 multorum
2747 2537 2911 2604 puer

695 2636 704 2643 ·
801 2619 980 2706 patri
1045 2641 1165 2705 pro
1228 2619 1435 2706 signis
1480 2640 1640 2684 mox
1707 2618 2098 2686 inconsueta
2118 2617 2145 2658 ⁸
2189 2620 2475 2706 protulit
2516 2621 2732 2698 verba,
2782 2620 2907 2686 sol-

802 2725 1184 2809 vunturque
1253 2720 1372 2785 diu
1447 2721 1671 2787 clausa
1750 2720 1999 2809 linguas
2066 2723 2422 2810 repagula;
2465 2724 2909 2789 restituuntur

802 2823 1000 2888 solita
1043 2821 1173 2887 Dei
1217 2821 1664 2888 misericordia
1705 2820 1953 2911 linguae
2003 2823 2255 2888 dudum
2300 2824 2542 2889 amissa
2581 2824 2905 2910 guberna-

800 2926 964 3005 cula,
1041 2948 1160 3013 per
1234 2927 1445 2993 sancti
1521 2925 1856 3014 pontificis
1904 2926 2026 2993 Sui
2100 2927 2428 3013 suffiagia.
2541 2926 2909 3013 Obstupuit

798 3030 975 3096 illico
1021 3030 1231 3116 patris
1276 3028 1554 3108 animus,
1603 3035 1673 3094 et
1733 3029 1914 3096 ultra
1988 3050 2185 3115 quam
2262 3029 2440 3096 credi
2513 3034 2731 3115 potest
2789 3029 2906 3096 ad-

798 3131 1066 3209 mirans,
1111 3135 1292 3197 totus
1358 3131 1433 3195 in
1500 3129 1889 3218 lachrymas,
1958 3152 2094 3198 non
2156 3130 2412 3210 doloriS,
2461 3131 2576 3196 sed
2635 3131 2907 3218 gaudii;

798 3256 933 3301 non
998 3235 1313 3313 moeroris,
1380 3234 1497 3300 sed
1558 3234 2008 3312 exultationis,
2078 3233 2472 3320 liquefactus
2540 3238 2655 3299 est.
2749 3233 2906 3298 Non

797 3342 1060 3425 poterat
1121 3336 1352 3404 satiari
1415 3341 1606 3423 pater
1673 3337 1746 3402 in
1814 3336 1931 3402 diu
1998 3337 2371 3403 desiderata
2414 3336 2764 3403 verborum
2809 3337 2907 3403 af—

797 3440 1091 3518 fluentia,
1139 3438 1683 3525 desiderabatque
1729 3438 1943 3505 filium
1989 3438 2221 3504 audire
2266 3439 2662 3525 loquentem,
2710 3461 2906 3526 quem

796 3565 916 3629 per
959 3542 1203 3630 prolixi
1249 3541 1562 3628 temporis
1638 3541 1930 3628 spatium
1977 3541 2273 3628 graviter
2335 3542 2740 3609 sustinuerat
2806 3548 2907 3609 ta-

797 3650 1069 3711 centem.
1163 3643 1381 3709 Patris
1449 3644 1611 3709 fides
1681 3648 1749 3708 et
1812 3642 2003 3709 firma
2064 3644 2308 3710 mentis
2374 3644 2641 3710 devotio
2703 3645 2907 3710 inter-

797 3752 1008 3830 cessit,
1055 3754 1136 3815 ut
1177 3750 1558 3836 loqueretur
1601 3748 1815 3831 filiusj:
1890 3748 2237 3836 inopinata
2301 3748 2428 3816 filii
2489 3754 2631 3816 tam
2675 3772 2907 3840 repen-

797 3856 945 3920 tina
988 3855 1239 3921 curatio
1270 3853 1660 3920 continuum
1706 3857 1776 3918 et
1803 3852 2216 3919 insolabilem
2248 3851 2492 3918 mentis
2523 3853 2906 3940 languorem

460 3964 573 4016 The
591 3965 683 4033 Joy
796 3978 839 4023 a
880 3962 1158 4045 paterna
1199 3957 1467 4044 penitus
1541 3955 1961 4043 propulsavit
2035 3955 2273 4022 anima.
2380 3956 2705 4036 Accurrit,
2752 3979 2900 4042 quae

459 4034 722 4150 3ξὲιῖξῖ
794 4060 1040 4140 aderat‚
1085 4079 1222 4127 non
1263 4060 1521 4127 modica
1562 4059 1764 4146 plebs,
1810 4058 2144 4124 admirans
2166 4057 2195 4097 4
2218 4058 2660 4126 admiratione
2705 4061 2907 4149 digna

417 4208 424 4214 -
458 4165 545 4216 the
561 4166 771 4219 miruolo
793 4162 924 4229 Dei
968 4185 1085 4250 per
1150 4164 1473 4230 Sanctum
1520 4161 1732 4227 Suum
1778 4165 2160 4247 perpetrata
2224 4161 2574 4249 magnalia.
2669 4162 2900 4230 Glerus

458 4246 653 4284 causes.
797 4286 1072 4352 quoque,
1118 4265 1262 4332 viso
1309 4265 1487 4351 quod
1529 4263 1780 4332 factum
1847 4262 2067 4332 fuerat
2108 4263 2443 4343 miracu10,
2488 4264 2903 4352 hymnisonis

795 4372 1142 4455 concrepat
1184 4367 1511 4460 laudibus.
1604 4366 1732 4432 His
1775 4366 2015 4453 itaque‘
2050 4366 2324 4434 mirifice
2368 4367 2588 4454 gestis,
2621 4389 2770 4435 cum
2815 4368 2905 4438 ad

794 4471 1140 4538 civitatem
1214 4469 1742 4558 gratulabundus
1818 4474 2024 4556 pater,
2100 4469 2344 4556 adepta
2418 4469 2541 4535 filii
2585 4471 2904 4559 sospitate

859 4696 880 4728 ¹
912 4694 1173 4760 dilectum]
1199 4692 1321 4755 Dei,
1341 4693 1439 4743 ins.
1461 4692 1531 4742 A.
1835 4694 1851 4820 Ι
1953 4690 1977 4724 ⁸
2009 4693 2324 4761 inconsueta]
2355 4702 2612 4756 consueta,
2632 4695 2700 4746 A.

859 4775 881 4807 ²
912 4771 1171 4839 manuum]
1201 4785 1399 4834 manus,
1423 4771 1492 4820 A·
1955 4773 1977 4804 ⁴
2010 4773 2296 4840 adnairans]
2323 4774 2652 4840 admirantur,
2673 4775 2742 4824 A.
