3600 5800
812 886 941 947 258
1422 893 1587 944 vrrs
1630 893 1874 943 sanem
1919 892 2282 952 JOHANNIS,

809 1082 1318 1149 conscenderunt
1343 1078 1370 1119 ²
1449 1079 1524 1144 in
1613 1086 1967 1164 conspectu
1984 1076 2014 1116 ¹
2109 1077 2524 1154 DivinitatiS‚
2607 1076 2913 1142 fidelibus

810 1186 1010 1250 etiam
1056 1182 1322 1269 perlatae
1372 1180 1821 1257 internuntiis,
1870 1202 2017 1266 quae
2078 1184 2342 1244 tantum
2388 1178 2684 1244 referunt
2728 1178 2913 1244 effec-

809 1292 957 1351 tum
1002 1283 1309 1349 virtutis!
1401 1281 1689 1347 Irradiat
1735 1303 1889 1366 ergo
1950 1303 2068 1367 per
2112 1303 2390 1366 quaeque
2436 1281 2760 1346 foramina
2801 1280 2914 1345 ba-

811 1387 1013 1467 silicae
1079 1385 1196 1450 illa
1261 1384 1581 1449 immensa
1648 1383 1912 1448 claritas
1974 1383 2342 1468 majestatis
2402 1382 2691 1460 inclusae,
2738 1402 2815 1447 ac
2859 1380 2916 1445 si

811 1488 1038 1553 relicto
1115 1485 1358 1552 aethere
1421 1486 1518 1550 sol
1580 1484 1739 1550 illuc
1806 1486 2311 1570 commigrasset,
2380 1485 2918 1571 splendoremque

814 1608 1007 1654 suum
1081 1588 1154 1651 in
1222 1587 1364 1671 ejus
1430 1586 1555 1652 loci
1617 1587 1959 1672 angustias
2024 1586 2408 1651 inclusisset.
2531 1586 2761 1672 thue
2822 1587 2919 1651 rei

813 1691 1164 1756 veritatem
1229 1689 1431 1775 digna
1496 1709 1967 1774 prosequamur
2034 1687 2304 1752 laudum
2372 1688 2687 1764 novitate,
2764 1709 2917 1753 vere

815 1792 1274 1857 includebatur
1318 1790 1413 1854 ibi
1459 1790 1555 1854 sol
1595 1785 1928 1874 justitiae?
1971 1790 2045 1853 in
2089 1810 2213 1854 suo.
2260 1789 2550 1855 inclusus
2594 1789 2640 1854 J
2641 1789 2914 1865 ohanne,

815 1893 1197 1958 illuminans
1259 1911 1408 1956 eum
1475 1891 1692 1975 gratia
1754 1889 2049 1975 Spiritus
2115 1889 2358 1968 Sancti,
2402 1908 2524 1956 nec
2583 1912 2735 1956 eum
2779 1889 2915 1954 ullo

815 2015 1026 2059 errore
1071 1992 1460 2080 permittens
1505 1991 1937 2057 obtenebrari.

479 2103 570 2153 All
589 2102 708 2180 pho
906 2094 1146 2160 Cuncti
1191 2093 1315 2159 hoc
1357 2092 1659 2157 videntes
1719 2098 2010 2178 stupent,
2057 2098 2136 2157 ut
2196 2093 2278 2158 de
2338 2114 2407 2157 re
2469 2093 2750 2171 insolita,
2796 2093 2917 2157 mi-

479 2176 736 2286 ῗιῖζὲθῗθ
815 2203 1174 2282 ranturque
1237 2216 1384 2280 quae
1449 2215 1584 2261 esse
1645 2195 1900 2279 possint
1960 2194 2078 2259 illa
2138 2193 2505 2273 luminaria,
2574 2195 2750 2259 unde
2817 2200 2921 2259 tot

816 2300 980 2365 lucis
1042 2297 1210 2363 radii
1263 2301 1453 2362 tanto
1515 2294 1848 2360 elucerent
1908 2295 2267 2381 splendore,
2314 2302 2633 2383 tantaque
2686 2297 2919 2362 emica-

817 2407 966 2466 rent
1010 2399 1324 2466 claritate.

483 2505 659 2599 Siggff,
904 2501 1196 2569 Accessit
1240 2500 1509 2567 tandem
1556 2499 1759 2585 Sigga
1803 2500 1954 2585 ejus
2007 2501 2336 2579 diaeonus,
2385 2502 2774 2588 pessuloque
2819 2524 2918 2567 so·

481 2574 692 2699 {232¹be
815 2606 958 2670 luto
1017 2603 1262 2668 ostium
1339 2602 1643 2688 aperuit,⁴
1717 2601 2203 2687 participatque
2276 2603 2552 2688 gloriam
2628 2605 2916 2669 visionis

481 2704 757 2821 {ssffimh‘he
816 2705 1018 2770 Videt
1062 2709 1361 2769 sanctum
1406 2702 1800 2789 pontificem,
1832 2703 2112 2768 intentis
2158 2707 2230 2768 in
2261 2703 2493 2769 caelum
2540 2704 2915 2781 luminibus

610 2788 635 2822 ⁰
677 2809 690 2821 '
819 2808 1176 2893 erectisque
1221 2806 1542 2882 manibus
1589 2805 1661 2868 in
1707 2811 2058 2890 conspectu
2103 2805 2230 2870 Dei
2273 2806 2714 2872 effundentem
2747 2808 2920 2873 sicut

816 2931 1055 2996 aquam
1130 2909 1417 2976 animam
1493 2930 1696 2985 suam,
1763 2914 1833 2973 et
1906 2908 1978 2972 in
2053 2909 2266 2993 capite
2335 2909 2474 2993 ejus
2549 2909 2919 2975 columbam

818 3035 1014 3100 super
1056 3012 1278 3078 nivem
1325 3011 1687 3078 candidam.
1768 3010 1977 3095 Cujus
2014 3011 2156 3075 viso
2203 3011 2510 3076 candenti
2556 3013 2916 3099 splendore,

484 3124 581 3174 His
603 3123 715 3173 face
819 3117 1130 3182 diaconus
1174 3115 1362 3180 velut
1407 3115 1725 3194 decoctus
1773 3113 1938 3179 facie
1968 3101 2327 3179 contracta⁸
2348 3114 2421 3178 in
2452 3136 2686 3200 rugam
2704 3115 2729 3153 ⁶
2773 3121 2919 3181 tota

482 3191 743 3305 Ἃὲξῇ,
819 3224 968 3284 cute
1015 3238 1242 3304 poenas
1288 3217 1548 3303 excepit
1598 3215 1994 3281 temeritatis
2038 3215 2258 3282 illatae.
2370 3215 2593 3281 Sensit
2638 3216 2919 3283 Sanctus
2974 3253 2999 3264 -

820 3320 947 3385 Dei
1011 3320 1355 3385 diaeonum
1417 3318 1808 3404 participem
1868 3316 2178 3396 visionis3
2244 3323 2313 3382 et
2357 3319 2659 3403 quamvis
2704 3319 2920 3385 irrita-

821 3429 947 3500 tus,
993 3421 1296 3487 habitum
1366 3423 1590 3485 tamen
1650 3441 1787 3484 non
1855 3420 2046 3484 exuit
2108 3426 2471 3485 mansuetae
2516 3421 2921 3486 intentionis.

488 3539 634 3616 Jphn
654 3540 796 3589 heals
822 3524 1128 3590 Accitum
1174 3544 1326 3609 ergo
1371 3522 1458 3588 ad
1502 3543 1570 3587 se
1631 3526 1817 3586 tactu
1878 3520 2203 3586 emaculat
2256 3521 2562 3601 dexterae,
2609 3525 2924 3610 composi-

483 3606 681 3720 33:21&
679 3622 744 3720 λζ
745 3673 780 3720 d
824 3631 1024 3710 taque
1069 3625 1142 3688 in
1185 3624 1542 3709 pristinum
1588 3622 1885 3688 decorem
1930 3621 2097 3688 facie
2142 3622 2454 3699 obsecrat,
2502 3630 2921 3711 protestatur,

486 3737 599 3785 hius
625 3708 732 3786 kiim
823 3725 1102 3811 adjurat,
1149 3746 1247 3802 ne,
1295 3725 1510 3810 quoad
1556 3723 1696 3812 ipse
1759 3723 1832 3786 in
1899 3721 2022 3789 hac
2075 3722 2220 3788 vita
2281 3724 2556 3804 viveret,
2604 3726 2923 3796 visionem

486 3804 801 3934 ξὲξῶξξζὶξε
823 3827 1006 3893 illam
1051 3826 1248 3892 alicui
1294 3825 1672 3891 mortalium
1717 3825 2067 3911 detegeret.

485 3932 566 4048 {¹5⁵5
589 3950 702 3983 own
911 3928 1214 3994 Audistis
1276 3927 1638 3992 Dominum
1700 3925 1746 3990 J
1749 3948 1949 4005 esum,
2003 3926 2279 4013 gloriam
2348 3928 2724 3994 divinitatis
2770 3929 2923 3996 Suae

544 4016 588 4049 ‘³'
825 4036 1151 4096 ostensam
1195 4029 1269 4093 in
1314 4033 1537 4093 monte
1605 4027 1816 4104 Petro,
1863 4027 2110 4093 Jacobo
2175 4035 2243 4092 et
2304 4028 2350 4093 J
2352 4028 2613 4108 ohanni,
2661 4031 2923 4096 deseen-

824 4134 1133 4198 dentibus
1158 4132 1289 4195 illis
1320 4130 1886 4195 commendantem
1918 4131 2459 4209 taciturnitatem,
2485 4132 2692 4199 donec
2715 4133 2924 4198 Filius

823 4234 1131 4299 Hominis
1175 4232 1646 4299 resurrectione
1709 4232 1849 4297 Sua
1913 4239 2191 4298 mortem
2254 4233 2549 4312 calcaret,
2597 4241 2666 4301 et
2714 4237 2924 4301 vitam

821 4336 1097 4402 mortuis
1141 4339 1487 4422 repararet.
1597 4332 1857 4398 Videtis
1920 4340 1990 4399 et
2048 4333 2157 4400 hic
2216 4334 2262 4399 J
2263 4334 2588 4402 ohannem
2633 4337 2924 4404 imitato-

884 4604 899 4637 ¹
936 4603 1346 4669 conscendes-nne]
1384 4604 1731 4668 ascenderunt,
1746 4603 1815 4653 A.
1986 4603 2008 4634 ⁴
2041 4604 2267 4670 aperuit]
2306 4604 2487 4670 aperit,
2509 4605 2579 4656 A.

881 4682 904 4715 ²
937 4682 1225 4748 conspectu]
1264 4690 1609 4746 conspectum,
1630 4683 1700 4731 A.
1986 4683 2008 4732 ἓ
2048 4684 2253 4749 ruyam]
2295 4700 2467 4749 rugas,
2490 4687 2560 4737 A.

882 4760 904 4792 ³
924 4760 1169 4825 justitioe]
1199 4761 1356 4822 Deus,
1382 4763 1475 4810 ins.
1502 4761 1568 4810 A.
