3600 5800
887 881 1016 942 402
1518 895 1680 943 vrrA
1728 895 1971 944 Smer]
2020 896 2348 957 oswALm,

883 1102 1006 1148 nec
1057 1083 1424 1166 potentiam
1476 1088 1941 1169 tyrannorum,
1986 1084 2239 1149 habens
2302 1082 2725 1148 severitatem
2782 1082 2992 1168 (erga)

553 1177 801 1227 Boethius
885 1183 1168 1267 injustos
1212 1189 1282 1248 et
1311 1185 1662 1250 veritatem
1694 1207 1852 1272 erga
1884 1185 2043 1271 pios.
2139 1185 2486 1273 Ignoravit
2515 1182 2731 1249 sterni
2755 1184 2779 1211 ⁸
2793 1182 2996 1270 flati-

550 1245 849 1387 {fhffgffiffi
889 1284 1010 1350 bus
1039 1286 1226 1352 Euri
1243 1312 1269 1365 ‚·
1329 1287 1616 1353 nescivit
1660 1288 1870 1374 mergi
1900 1287 2217 1354 fluctibus
2262 1288 2473 1374 ponti.
2570 1287 2703 1354 Hic
2733 1286 2991 1352 solebat

553 1392 604 1423 ¹¹·
630 1384 840 1426 met.1v.
887 1393 1110 1452 mente
1170 1409 1401 1454 serena
1460 1390 1804 1456 cacumina
1867 1389 1990 1455 alti
2066 1388 2314 1455 montis
2378 1389 2709 1466 scandere,
2773 1394 2844 1454 et
2906 1387 2993 1453 ad

886 1488 1249 1555 Dominum
1294 1491 1424 1575 piis
1468 1491 1772 1577 precibus
1833 1490 2134 1570 clamare,
2181 1491 2518 1558 confidens
2585 1491 2658 1554 in
2704 1490 2992 1556 Domino

887 1590 1060 1656 sicut
1125 1613 1314 1657 mons
1379 1591 1558 1670 Sion,
1622 1600 1694 1658 et
1760 1593 1842 1658 de
1910 1592 2259 1680 profundis
2322 1592 2501 1659 clara
2566 1613 2728 1659 voce
2789 1592 2990 1678 hujus

887 1692 1111 1758 saeculi
1171 1693 1585 1778 proclamare,
1632 1695 2059 1780 quoadusque
2122 1695 2536 1762 benediceret
2579 1694 2770 1759 illum
2839 1693 2991 1780 pius

554 1793 711 1870 Psal..
888 1792 1209 1872 Christus,
1261 1794 1401 1877 Qui
1450 1795 1617 1882 fecit
1684 1795 1929 1863 coelwm.
1973 1803 2034 1862 et
2083 1803 2353 1863 terram.
2449 1795 2562 1863 Sic
2623 1795 2990 1881 quindenos

553 1876 581 1909 ⁰
715 1875 762 1909 γ’
825 1896 837 1911 ’
886 1894 1205 1962 scandens
1278 1897 1522 1982 gradus
1583 1895 1944 1976 Daviticos‚
2009 1897 2237 1963 firmus
2305 1918 2424 1982 pro
2471 1948 2484 1961 .
2577 1948 2591 1962 .
2684 1948 2698 1963 .
2744 1903 2779 1961 t
2840 1896 2989 1974 fide,

886 1998 1212 2065 machaera
1273 1999 1567 2066 vibranti
1612 2000 1840 2079 fidens,
1888 2007 1958 2067 et
2004 2053 2014 2065 .
2111 2053 2122 2064 .
2219 2053 2233 2065 .
2327 2052 2340 2067 .
2385 2000 2497 2067 lici
2566 2000 2989 2077 confortatus,

886 2099 1046 2165 valli
1077 2100 1322 2178 robore,
1370 2101 1583 2167 veluti
1614 2102 1849 2168 domus
1891 2102 1965 2167 in
2010 2102 2186 2169 valle
2217 2123 2412 2188 super
2456 2122 2724 2168 arenam
2754 2101 2986 2187 posita,

887 2207 1029 2268 erat
1074 2201 1398 2268 suffultus.
1493 2202 1942 2289 Praepotentes
1993 2203 2196 2290 hujus
2240 2204 2430 2290 regni
2491 2204 2775 2268 eximius
2819 2224 2987 2289 prae·

884 2304 990 2368 sul
1044 2306 1485 2391 exsuperavit,
1532 2305 1837 2371 deridens
1880 2310 2083 2391 atque
2147 2311 2447 2372 temnens
2510 2305 2776 2371 aetheris
2839 2305 2985 2382 iras

886 2405 958 2468 id
1019 2410 1121 2470 est
1182 2406 1622 2491 malignorum
1668 2407 2027 2493 spirituum
2091 2411 2161 2472 et
2205 2406 2551 2472 hominum
2621 2407 2802 2472 diras
2846 2427 2987 2471 ma-

551 2513 688 2563 Psal.
714 2516 858 2566 xxvi.
885 2505 1299 2592 lignationes,
1346 2507 1569 2575 dicens
1614 2530 1764 2575 cum
1828 2508 2186 2575 reverendo
2232 2508 2580 2595 Propheta,
2644 2506 2987 2575 Dominus

550 2585 599 2629 ²·
884 2608 1185 2674 defensor
1245 2609 1399 2677 vbtoe
1441 2631 1620 2688 σηοω,
1688 2632 1731 2677 a
1793 2633 1925 2698 quo
1988 2609 2391 2697 trepidabo?
2479 2610 2570 2675 Et
2623 2609 2791 2675 illud
2836 2629 2983 2676 een-

545 2711 1101 2776 Psa1.cxvii.tesimi
1147 2711 1414 2796 septimi
1446 2712 1707 2790 Psalmi,
1754 2710 2096 2779 Dominus
2140 2710 2318 2778 mihi
2362 2710 2645 2798 adjutor
2689 2717 2797 2790 est„
2840 2733 2986 2778 ‘no‘n

539 2790 589 2836 ⁶·
882 2811 1121 2882 timebo
1188 2814 1361 2902 quid
1411 2814 1638 2905 saciat
1698 2814 1878 2882 ‘mihi
1940 2814 2146 2882 homo.
2263 2814 2397 2881 Sed
2466 2815 2786 2902 quoniam
2862 2815 2990 2882 hoc

881 2937 1033 2984 cum
1079 2917 1372 2984 veridica
1432 2918 1689 2985 ratione
1733 2918 1913 3004 quod
1957 2917 2238 2984 dicimus
2282 2917 2551 3003 probari
2601 2922 2672 2983 et
2716 2918 2984 2983 demon-

879 3020 1076 3086 strari
1121 3019 1434 3098 valemus,
1483 3020 1725 3088 idcireo
1774 3025 1940 3107 puto
1986 3018 2422 3088 validioribus
2468 3018 2798 3085 utendum
2843 3040 2983 3086 esse

876 3122 1115 3190 verbis.

540 3223 652 3275 The
673 3224 777 3304 ψεῖ
799 3227 859 3279 of
967 3225 1115 3291 Rex
1161 3247 1317 3291 vero
1363 3226 1591 3293 eadem
1637 3230 2033 3311 tempestate
2077 3224 2526 3294 monarchiam
2572 3244 2979 3312 regnumque

538 3290 627 3339 the
651 3292 787 3360 kmg.
877 3327 1187 3406 retinens,
1235 3332 1306 3393 et
1366 3328 1612 3414 inique,
1659 3340 1739 3393 ut
1801 3327 2091 3393 insolens
2151 3327 2474 3413 juventus
2538 3324 2722 3403 solet,
2767 3326 2980 3392 vitam

876 3429 1136 3506 ducens,
1185 3428 1310 3493 sub
1355 3451 1562 3495 uxore
1607 3428 1875 3515 propria
1936 3428 2213 3495 alteram
2259 3428 2618 3506 adamavit,
2665 3448 2865 3513 quam
2911 3433 2980 3492 et

873 3532 1114 3618 rapuit,
1161 3552 1349 3598 sacra
1408 3531 1672 3598 decreta
1716 3530 2119 3597 Christianae
2182 3530 2346 3617 legis
2409 3529 2767 3617 negligens,
2813 3529 2977 3595 obli-

873 3639 987 3697 tus
1055 3639 1279 3700 mente
1348 3632 1814 3699 tribulationes
1873 3631 2171 3699 Davitici
2237 3633 2426 3719 regis,
2473 3652 2635 3718 quas
2701 3631 2980 3717 pertulit

870 3740 1136 3821 patrato
1181 3735 1434 3801 scelere.
1527 3734 1828 3800 Antistes
1889 3740 2115 3800 autem
2162 3733 2501 3801 Fineatico
2544 3732 2683 3799 zelo
2743 3733 2977 3799 stimu-

866 3835 1061 3914 latus,
1109 3843 1178 3902 et
1240 3837 1341 3902 ira
1402 3835 1529 3901 Dei
1591 3836 1908 3914 irritatus,
1955 3841 2225 3922 repente
2285 3857 2436 3903 cum
2495 3836 2687 3902 sociis
2733 3856 2976 3921 equum

534 3940 647 4016 'lsshe
667 3945 813 3996 areh—
867 3938 1182 4019 ascendit,
1216 3944 1288 4004 et
1331 3940 1418 4004 ad
1463 3938 1694 4005 villam
1743 3959 1878 4025 qua
1921 3938 2161 4004 mulier
2205 3938 2612 4005 mansitabat
2654 3938 2978 4025 pervenit,

535 4007 797 4127 ιιζζῗῃιῇοξὲζ,
867 4062 1142 4128 eamque
1189 4041 1429 4127 rapuit,
1475 4046 1546 4107 et
1590 4040 1674 4105 de
1716 4061 1920 4127 regno
1980 4040 2311 4127 perduxit,
2358 4061 2707 4128 regemque
2769 4038 2977 4107 dulci-

534 4139 672 4191 (Ῑῠθῑ-
866 4144 992 4210 bus
1054 4143 1426 4209 ammonuit
1487 4142 1708 4208 verbis
1770 4142 2150 4229 pariterque
2210 4142 2419 4220 factis,
2466 4149 2546 4208 ut
2605 4141 2692 4210 ab
2754 4142 2979 4228 impiis

533 4245 668 4299 Paul.
692 4248 745 4301 ii.
766 4256 843 4304 12.
866 4246 1126 4313 actibus
1170 4244 1535 4312 custodiret
1593 4265 1664 4310 se
1707 4265 1792 4309 ne
1838 4243 2084 4330 periret
2143 4243 2224 4311 de
2267 4244 2387 4311 via
2430 4244 2640 4331 justa.
2766 4244 2978 4311 Perti-

867 4348 1043 4413 muit
1083 4368 1322 4433 nempe
1365 4348 1424 4412 si
1483 4368 1679 4411 suum
1740 4351 1944 4433 caput
2003 4346 2249 4433 ineptis
2294 4346 2405 4412 vel
2448 4346 2644 4413 foedis
2705 4368 2775 4413 se
2819 4348 2974 4414 sub-

865 4451 1052 4515 deret
1098 4449 1303 4527 vitiis,
1348 4453 1429 4514 ut
1472 4448 1768 4515 membra
1813 4454 2052 4515 caetera
2103 4448 2363 4515 facilius
2424 4448 2788 4536 instigante
2845 4448 2973 4515 ini-

862 4552 1031 4617 mico
1063 4551 1390 4629 caderent,
1420 4550 1848 4617 reminiscens
1877 4549 2062 4629 illud,
2096 4558 2132 4586 “
2149 4557 2407 4638 quanto
2433 4550 2697 4638 yradus
2741 4550 2969 4629 altior,

863 4656 899 4686 “
945 4659 1136 4719 tanto
1178 4651 1403 4719 ruina
1433 4651 1735 4720 omo-12:00⁴?
1845 4651 2143 4720 Fortuna
2185 4652 2518 4719 arridente
2572 4652 2811 4721 dehinc
2853 4675 2973 4720 rex

1123 4820 1143 4841 ⁸
1166 4811 1347 4863 eterni]
1375 4811 1514 4863 vinci,
1532 4813 1692 4856 interl.
1745 4812 1843 4859 Tho
1863 4812 1962 4859 MS.
1980 4813 2064 4859 hau
2082 4812 2288 4859 Euridici
2306 4813 2488 4860 instead
2504 4815 2552 4860 01
2567 4813 2697 4859 Euri.
