3600 5800
916 882 1048 946 514
1784 895 2158 948 APPENDnt.

917 1082 957 1109 “
998 1083 1014 1109 ‘
1041 1079 1191 1149 chio,
1233 1079 1336 1135 nbi
1360 1080 1657 1136 ardentior
1680 1080 1887 1147 inerat,
1915 1086 1975 1136 et
1997 1080 2070 1137 de
2103 1084 2228 1137 toto
2250 1096 2488 1153 corpore
2521 1099 2669 1148 me0,
2709 1083 2872 1138 velut
2902 1079 3023 1154 epi·

916 1164 955 1191 “
998 1166 1013 1192 ‘
1040 1181 1213 1237 scopo
1267 1163 1420 1219 foras
1455 1179 1590 1218 eum
1626 1167 1986 1235 exportante,
2036 1163 2300 1220 funditus
2353 1164 2580 1222 ablatus
2628 1171 2734 1230 est,
2783 1164 3022 1220 tametsi

921 1245 958 1271 “
1001 1246 1016 1270 ‘
1041 1248 1238 1298 tumor
1294 1242 1487 1298 adhuc
1544 1233 1617 1298 in
1677 1234 1946 1302 brachio
2006 1261 2240 1299 manere
2301 1242 2572 1300 videtur?
2656 1243 3024 1300 Abeuntibus

920 1333 958 1359 “
973 1356 980 1361 ·
995 1336 1192 1387 autem
1218 1329 1386 1387 nobis
1419 1329 1575 1398 inde,
1603 1331 1881 1389 continuo
1915 1323 2145 1409 fugato
2190 1322 2411 1388 dolore
2441 1333 2857 1399 membrorum,
2894 1331 3025 1386 bra·

918 1421 956 1447 “
995 1420 1116 1475 chii
1153 1436 1380 1491 quoque
1415 1422 1664 1487 tumore,
1699 1412 1773 1476 in
1802 1418 2071 1479 tantum
2093 1411 2415 1478 medelam
2451 1425 2650 1477 secuta
2683 1426 2788 1486 est,
2828 1409 3023 1495 quod,

917 1511 954 1537 “
989 1514 1189 1581 erepta
1245 1504 1456 1566 morte
1511 1526 1578 1564 ac
1619 1508 1938 1575 doloribus,
1974 1509 2164 1582 virge,
2203 1508 2403 1565 laudes
2439 1508 2691 1565 Domino
2730 1506 3021 1563 Salvatori

920 1590 959 1617 “
994 1605 1113 1644 una
1148 1608 1282 1645 cum
1318 1588 1546 1645 caeteris
1583 1588 1687 1661 qui
1723 1588 1808 1643 ibi
1842 1596 2012 1646 erant
2044 1589 2228 1646 servis
2261 1586 2423 1644 illius
2457 1585 2765 1643 referebat.

1747 1801 2040 1886 [LEcrIo
2084 1800 2195 1886 V.]

581 1962 743 2024 Beda,
759 1978 809 2015 V·
831 1967 880 2014 ⁴·
989 1965 1174 2021 Aliud
1228 1982 1459 2038 quoque
1515 1980 1634 2020 non
1679 1963 1941 2020 multum
1999 1964 2139 2019 huic
2200 1962 2485 2019 dissimile
2535 1962 2889 2019 miraculum
2949 1962 3023 2017 de

738 2085 742 2088 >
918 2058 1163 2130 praefato
1233 2054 1500 2112 antistite
1567 2055 1830 2112 narravit
1902 2054 2063 2110 idem
2140 2047 2493 2113 BertUnUS.
2623 2055 2658 2082 “
2689 2046 3022 2125 Comiti5,”

918 2138 1157 2224 inquit,
1221 2146 1260 2171 “
1286 2142 1592 2214 cujusdam
1651 2141 1880 2214 conjux,
1937 2143 2328 2216 quadraginta
2388 2144 2572 2202 ferme
2632 2144 2836 2201 diebus
2896 2148 3026 2200 erat

921 2242 960 2268 “
1000 2237 1373 2296 acerbissimo
1405 2235 1690 2306 languore
1739 2233 1996 2300 detenta,
2037 2235 2125 2290 ita
2148 2241 2217 2290 ut
2264 2236 2454 2292 tribus
2508 2237 2854 2309 septimanis
2903 2253 3022 2291 non

921 2328 961 2353 “
999 2328 1199 2396 posset
1247 2321 1322 2375 de
1373 2319 1661 2385 cubiculo,
1698 2320 1763 2374 in
1812 2336 1928 2391 quo
1970 2320 2224 2392 jacebat,
2277 2322 2432 2377 foras
2474 2321 2684 2377 efferri.
2760 2320 3025 2393 Contigit

922 2410 960 2437 ‘⁸
999 2412 1196 2463 autem
1231 2423 1299 2461 eo
1332 2409 1595 2473 tempore
1628 2403 1824 2458 virum
1872 2404 1982 2458 Dei
2018 2403 2163 2460 illuc
2196 2402 2272 2459 ad
2306 2403 2689 2460 dedicandam
2724 2404 3024 2461 ecclesiam

924 2492 962 2520 ‘⁴
1002 2492 1075 2546 ab
1124 2487 1328 2544 eodem
1373 2485 1598 2541 Comite
1631 2486 1847 2541 vocari.
1922 2485 2191 2558 Cumque
2251 2485 2516 2542 dedicata
2567 2493 2718 2543 esset
2764 2487 3025 2552 ecclesia,

923 2580 960 2606 “
995 2575 1226 2647 rogavit
1257 2572 1461 2628 Comes
1484 2589 1620 2626 eum
1656 2570 1731 2626 ad
1765 2570 2173 2641 prandendum
2208 2573 2277 2627 in
2308 2572 2545 2627 domum
2582 2591 2746 2629 suam
2769 2565 3016 2645 ingredi.

921 2659 960 2684 “
999 2654 1218 2711 Renuit
1275 2664 1432 2707 vero
1491 2650 1814 2721 episcopus,
1875 2649 2076 2706 dicens
2136 2669 2199 2706 se
2260 2651 2335 2706 ad
2394 2654 2811 2709 monasterium
2871 2652 3027 2726 quod

586 2758 694 2809 The
715 2758 850 2809 hm.
922 2743 956 2770 “
985 2731 1362 2819 proximum
1423 2742 1567 2803 erat,
1631 2736 1839 2792 debere
1874 2739 2109 2794 reverti.
2181 2741 2267 2793 At
2313 2739 2415 2795 ille
2451 2742 2718 2797 obnixius
2753 2742 3025 2813 precibus

581 2825 670 2903 ing
691 2824 752 2874 of
767 2840 800 2874 a
924 2834 962 2860 ‘⁶
1001 2831 1248 2894 instans,
1308 2816 1704 2906 promittens
1761 2824 1942 2879 etiam
1992 2842 2055 2879 se
2113 2823 2456 2882 elemosinas
2516 2829 2868 2899 pauperibus
2927 2828 3028 2884 da-

583 2892 692 2942 ⁸¹⁰k
714 2891 849 2957 ΝΥ·
923 2923 963 2950 “
999 2925 1216 2983 turum‚
1272 2913 1588 2971 dummodo
1645 2906 1788 2991 ipsc
1848 2911 2194 2982 dignaretur
2253 2927 2332 2970 ea
2391 2914 2487 2969 die
2557 2914 2796 2969 domum
2858 2933 3027 2971 suam

917 3002 953 3029 “
993 2997 1326 3071 ingrediens
1368 2994 1664 3068 jejunium
1717 2993 1957 3049 solvere.
2033 2992 2258 3065 Rogavi
2297 2999 2359 3049 et
2392 3009 2502 3063 ego
2542 3009 2662 3046 una
2706 3009 2845 3047 cnm
2898 2993 3025 3061 illo,

921 3086 959 3114 ‘⁸
996 3081 1345 3155 promittens
1380 3079 1560 3136 etiam
1593 3094 1691 3133 me
1726 3074 2073 3131 elemosinas
2109 3076 2175 3132 in
2210 3076 2546 3132 alimoniam
2581 3074 2826 3146 inopum
2862 3076 3028 3144 dare,

917 3170 955 3197 ‘⁴
993 3167 1133 3223 dnm
1166 3166 1272 3222 ille
1308 3164 1548 3221 domum
1574 3159 1819 3218 Comitis
1850 3176 2168 3231 pransurus
2193 3179 2261 3218 ac
2285 3159 2747 3218 benedictionem
2784 3160 3029 3218 daturus

922 3255 960 3282 “
994 3252 1260 3307 intraret.
1352 3248 1615 3319 Cumque
1663 3245 1776 3300 hoc
1825 3243 1996 3300 tarde
2054 3262 2123 3301 ac
2182 3245 2495 3301 difficulter
2554 3243 3024 3330 impetraremus,

925 3334 963 3360 “
1003 3331 1351 3387 int-,ravimus
1387 3327 1462 3383 ad
1495 3323 1895 3381 reficiendum.
1970 3325 2295 3397 Episcopus
2331 3329 2527 3381 autem
2562 3321 2749 3381 mlslt
2764 3324 3023 3389 mulieri,
3105 3323 3111 3329 ’

921 3412 959 3440 “
999 3427 1127 3482 quas
1163 3410 1397 3465 infirma
1412 3406 1664 3478 jacebat,
1691 3403 1764 3459 de
1798 3419 1951 3475 aqua
1971 3403 2284 3460 benedicta
2315 3420 2490 3475 quam
2515 3405 2578 3459 in
2601 3404 3029 3461 dedicationem

921 3498 961 3524 ‘⁴
1000 3494 1261 3551 ecclesiae
1296 3493 1754 3554 consecraverat,
1791 3503 1900 3559 per
1934 3505 2120 3543 unum
2144 3487 2217 3544 de
2240 3488 2336 3545 his
2362 3487 2461 3560 qui
2496 3505 2726 3545 mecum
2751 3493 3031 3546 venerant

918 3587 959 3615 ‘⁸
1001 3585 1300 3652 fratribus,
1383 3579 1860 3657 praecipiensque
1896 3584 1966 3634 ut
2018 3578 2377 3650 gustandum
2425 3578 2517 3633 iffi
2552 3579 2739 3647 daret,
2793 3584 2854 3636 et
2903 3581 3030 3648 ubi,-

924 3675 963 3703 “
1002 3689 1233 3744 cunque
1267 3669 1586 3726 maximum
1623 3669 1679 3724 ei
1715 3668 1981 3725 dolorem
2028 3666 2221 3722 inesse
2258 3657 2592 3737 didicerat,
2631 3666 2704 3723 de
2737 3667 2868 3739 ipsa
2901 3685 3030 3723 eam

925 3755 965 3784 “
1003 3769 1156 3823 aqua
1203 3752 1442 3807 lavaret.
1518 3748 1684 3817 Quod
1733 3754 1801 3803 ut
1858 3748 2082 3803 factum
2130 3751 2239 3812 est,
2278 3748 2532 3803 surrexit
2565 3746 2768 3804 statim
2816 3748 3033 3802 mulier

923 3837 960 3866 “
1001 3852 1161 3901 sana,
1201 3840 1260 3889 et
1294 3850 1414 3888 non
1451 3831 1639 3888 solum
1676 3848 1737 3887 se
1772 3829 2118 3885 infirmitate
2164 3830 2345 3901 longa
2379 3847 2594 3896 carere,
2636 3831 2738 3887 scd
2792 3835 2851 3887 et
2901 3848 3031 3902 per·

924 3921 964 3952 ‘¹
1003 3918 1156 3975 ditas
1242 3916 1467 3972 dudum
1526 3916 1682 3971 vires
1740 3914 2040 3985 recepisse
2113 3913 2389 3979 sentiens,
2461 3914 2680 3970 obtulit
2748 3915 3027 3987 poculum

917 4005 957 4033 “
999 4003 1269 4076 episcopo
1322 4018 1389 4057 ac
1441 3998 1647 4055 nobis:
1714 4003 2092 4069 emptumque
2128 3997 2524 4053 ministerium
2556 3998 2725 4054 nobis
2759 3998 3032 4054 omnibns

924 4091 964 4117 ‘⁶
1000 4085 1352 4160 propinandi
1410 4100 1595 4156 usque
1667 4081 1743 4139 ad
1799 4080 2111 4154 prandium
2177 4082 2534 4154 completum
2603 4099 2725 4138 non
2795 4084 3027 4150 omisit3

925 4174 963 4201 ‘⁸
1001 4170 1234 4227 imitata
1257 4185 1487 4226 socrum
1522 4165 1692 4222 Beati
1726 4164 1911 4230 Petri,
1952 4182 2082 4235 quae
2118 4181 2253 4220 cum
2287 4165 2543 4221 febrium
2606 4165 2815 4222 fuisset
2867 4166 3033 4222 anio-

591 4287 629 4339 s
667 4288 802 4339 Mau
926 4259 965 4286 “
1003 4255 1168 4311 ribus
1202 4253 1470 4327 fatigata,
1509 4250 1585 4306 ad
1616 4254 1841 4307 tactum
1864 4264 2070 4303 manus
2106 4247 2429 4304 Dominicse
2460 4247 2736 4317 surrexit,
2773 4255 2853 4318 et,
2880 4251 3032 4307 sani·

587 4324 696 4407 viii.
714 4324 967 4418 14,'010.“
1004 4344 1128 4399 tate
1162 4337 1340 4398 simul
1376 4353 1443 4394 ao
1477 4335 1698 4392 virtute
1720 4338 1976 4405 recepta,
2012 4331 2389 4389 minian-nbat
2424 4332 2569 4390 eis?

1751 4546 2034 4632 [Lscno
2082 4545 2228 4631 VI.]

591 4739 749 4802 Beda,
767 4755 816 4792 v.
841 4742 890 4794 5.
994 4720 1132 4778 Alio
1167 4719 1313 4775 item
1345 4720 1606 4787 tempore
1639 4717 1882 4769 vocatus
1914 4708 1990 4766 ad
2023 4708 2408 4766 dedicandam
2442 4708 2751 4768 eeclesiam
2789 4711 3034 4770 Comitis

925 4802 1210 4866 vocabulo
1243 4798 1421 4864 Addi,
1457 4815 1594 4855 cnm
1627 4795 1989 4871 postulatum
2025 4793 2378 4867 complesset
2406 4793 2828 4866 ministerium,
2865 4812 3034 4870 roga-
