3600 5800
885 876 1014 939 328
1640 887 1804 937 ALIA
1850 887 2209 937 MIRACULA

885 1072 1269 1160 diligentem
1346 1073 1772 1140 adhibuerint
1833 1074 2262 1141 intellectum.
2406 1074 2855 1142 Veruntamen
2916 1077 2990 1141 in

885 1176 1193 1261 praesenti
1256 1176 1627 1242 narratione
1688 1197 1810 1242 nec
1854 1197 2220 1241 sermonem
2284 1183 2665 1263 exspectent
2723 1199 2984 1245 accura-

885 1284 1046 1357 tum,
1078 1299 1199 1346 nec
1242 1301 1588 1365 pomposas
1629 1280 1979 1345 verborum
2021 1279 2341 1367 phaleras,
2375 1281 2614 1365 quibus
2660 1282 2983 1348 obfuscari

884 1381 1107 1447 renuit
1136 1380 1334 1446 nudae
1365 1380 1667 1446 veritatis
1713 1382 1927 1467 amica
1969 1380 2369 1466 simplicitas.
2463 1380 2619 1447 Non
2665 1388 2767 1448 est
2810 1384 2984 1448 enim

884 1483 959 1547 in
1004 1481 1455 1567 hujuscemodi
1500 1481 1773 1567 eloqui0,
1815 1482 1923 1547 vel
1969 1482 2155 1547 inani
2199 1482 2442 1569 gloriae,
2488 1482 2597 1548 vel
2642 1484 2985 1569 temporali

884 1585 1277 1651 inhiandum
1340 1586 1815 1665 emolument03
1886 1586 2090 1670 juxta
2149 1585 2315 1649 illud
2378 1587 2550 1671 quod
2614 1587 2856 1673 legitur
2917 1589 2988 1651 in

552 1689 711 1740 Levit.
735 1705 822 1741 xx.
884 1686 1195 1763 LeviticO,
1247 1686 1387 1769 Qui
1424 1686 1680 1753 dederit
1710 1688 1789 1753 de
1834 1687 2084 1753 semine
2116 1708 2237 1753 sao
2267 1684 2448 1753 idolo
2478 1688 2747 1765 Μοῑοοή,
2778 1695 2986 1753 ‘morte

885 1790 1246 1866 moriatur,
1285 1797 1344 1855 et
1392 1788 1731 1877 lapidabit
1773 1812 1930 1860 eum
1959 1789 2182 1857 manis
2219 1789 2521 1878 populas
2549 1795 2760 1858 terrae.
2852 1789 2985 1858 Sed

881 1892 1006 1959 hoc
1050 1892 1378 1959 hactenus.

891 2131 1109 2219 [Puer
1154 2132 1441 2221 quidam
1486 2154 1563 2199 ex
1607 2132 1751 2198 alta
1806 2130 2139 2197 testudine
2184 2130 2457 2198 ecclesiae
2505 2129 2986 2199 Reverlacensis

1201 2237 1448 2322 lapsus,
1486 2242 1546 2300 et
1593 2234 1887 2312 attritus,
1935 2232 2303 2300 incolumis
2349 2234 2688 2319 suffexia]

547 2395 640 2446 An
661 2397 842 2475 auster
976 2387 1279 2475 Contigit
1348 2393 1428 2451 ut
1506 2393 1798 2472 tempore
1877 2386 2162 2471 quodam
2240 2386 2474 2452 aestivo
2549 2387 2729 2452 intra
2802 2392 2990 2471 septa

548 2463 771 2580 Ξοιῗζᾱιζι
883 2490 1231 2579 polyandri
1251 2491 1271 2529 ¹
1311 2474 1595 2563 ecclesiae
1637 2490 1828 2556 Beati
1875 2489 2216 2567 Johannis,
2260 2511 2345 2554 ex
2373 2494 2559 2576 parte
2607 2489 2988 2577 aquilonari,

548 2597 811 2664 Beverley.
883 2595 1290 2661 larvatorum
1340 2594 1445 2678 (ut
1488 2591 1755 2678 assolet)
1803 2597 1873 2656 et
1919 2592 2137 2656 verbis
2191 2597 2260 2657 et
2302 2598 2455 2658 actu
2505 2592 2692 2657 fieret
2751 2613 2985 2679 reprae-

885 2696 1170 2762 sentatio
1199 2694 1565 2761 Dominicae
1600 2695 2105 2760 resurrectionis.
2202 2691 2593 2759 Confluebat
2624 2715 2699 2758 eo
2729 2694 2989 2779 copiosa

886 2797 1229 2883 utriusque
1283 2817 1478 2862 sexus
1537 2794 1914 2872 multitude,
1961 2794 2164 2860 variis
2225 2794 2495 2861 inducta
2521 2780 2729 2871 'votis
2778 2794 2986 2861 delec-

885 2901 1159 2967 tationis
1229 2899 1554 2978 videlicet‚
1618 2921 1735 2965 seu
1801 2896 2256 2964 admirationis
2320 2917 2530 2973 causa,
2592 2896 2704 2962 vel
2760 2904 2986 2964 sancto

550 3012 620 3064 So
642 3018 785 3077 great
886 3004 1218 3091 proposito
1264 3002 1631 3070 excitandae
1678 2999 2061 3066 devotionis.
2175 2998 2346 3064 Cum
2383 3020 2554 3075 vero,
2604 3021 2738 3085 prae
2785 3000 2989 3066 densa

547 3081 772 3195 ξξξὲζρξ
793 3146 835 3198 it
886 3109 1073 3196 vulgi
1156 3113 1416 3174 astante
1498 3124 1752 3181 corona,
1822 3081 2138 3187 pluribus,
2209 3107 2279 3166 et
2337 3101 2662 3187 praecipue
2730 3108 2988 3168 statum,

549 3211 659 3261 that
678 3212 767 3264 the
887 3210 1158 3298 pusillis,
1206 3209 1614 3276 desideratus
1674 3205 1946 3280 minime
2008 3209 2265 3289 pateret
2349 3225 2655 3282 accessus
2717 3205 2986 3271 introie-

549 3294 731 3408 {gengige
888 3320 1047 3380 runt
1092 3312 1363 3400 plurimi
1408 3311 1480 3374 in
1527 3307 1903 3385 ecclesiam3
1953 3312 2033 3370 ut
2077 3306 2183 3372 vel
2230 3313 2508 3384 orarent,
2547 3307 2655 3371 vel
2699 3308 2988 3393 picturas

554 3419 698 3461 0³²⁶*
719 3413 804 3462 the
891 3417 1304 3503 inspicerent,
1336 3413 1445 3478 vel
1491 3433 1607 3497 per
1644 3410 1912 3495 aliquod
1956 3430 2165 3494 genus
2207 3410 2628 3477 recreationis
2658 3415 2728 3474 et
2771 3410 2990 3477 solatii

551 3477 759 3538 chureh,
892 3541 1008 3605 pro
1053 3518 1176 3583 hoc
1220 3518 1327 3582 die
1372 3514 1647 3580 taedium
1693 3513 2038 3579 evitarent.
2133 3511 2417 3597 Ingressi
2464 3513 2671 3598 igitur
2706 3513 2990 3580 ecclesiae

553 3630 656 3679 and
676 3630 781 3680 find
803 3646 835 3682 a
891 3622 1125 3686 limina
1167 3616 1637 3686 adolescentuli
1683 3615 1973 3700 quidam,
2004 3635 2159 3681 casu
2189 3613 2464 3680 fortuito
2511 3615 2752 3681 ostium
2786 3615 2989 3701 quod-

552 3698 832 3828 }fflgpetg
891 3723 1043 3789 dam
1089 3722 1425 3808 reperiunt
1469 3720 1951 3804 semiapertum,
1995 3736 2126 3802 quo
2163 3726 2286 3802 'per
2328 3718 2573 3804 gradus
2617 3719 2990 3787 ascenditur

553 3829 639 3881 the
660 3830 787 3881 roos.
890 3825 977 3892 ad
1022 3824 1357 3912 superiora
1398 3842 1749 3888 murorum.
1842 3819 1941 3884 Eo
1971 3824 2380 3887 accurrentes
2426 3819 2700 3888 levitate
2736 3820 2992 3908 puerili,

891 3927 1220 4015 gradatim
1281 3927 1549 4012 insuper
1593 3922 1878 3990 murales
1938 3923 2377 3990 ascendebant
2437 3922 2723 3990 basilicae
2781 3926 2990 3988 testu-

893 4029 1094 4107 dineS,
1143 4050 1220 4096 ca
1264 4035 1343 4095 ut
1386 4049 1531 4094 reor
1575 4026 1960 4102 intentione,
2007 4030 2087 4089 ut
2139 4047 2255 4111 per
2297 4024 2466 4092 altas
2527 4024 2991 4092 turriculorum

893 4133 1226 4209 fenestrae,
1274 4152 1390 4197 seu
1435 4131 1491 4196 si
1529 4150 1661 4215 qua
1687 4129 2052 4196 vitrearum
2096 4127 2530 4196 fenestrarum
2576 4134 2793 4194 essent
2822 4129 2989 4194 fora-

899 4236 1096 4328 mina,
1133 4234 1403 4301 liberius
1447 4251 1872 4319 personarum
1904 4234 1973 4296 et
2016 4231 2287 4297 habitus
2332 4237 2403 4296 et
2446 4235 2670 4318 gestus
2716 4233 2991 4318 respice-

559 4338 709 4404 They
730 4355 797 4405 80
894 4345 1059 4417 rent,
1092 4344 1161 4404 et
1206 4337 1560 4404 earundem
1602 4335 1894 4422 dialogos
1931 4333 2172 4399 auditu
2215 4332 2491 4400 faciliori
2537 4335 2993 4411 adverterent3

556 4421 643 4522 :ife'
664 4414 869 4538 {Rassfw
895 4440 1253 4508 Zaccheum
1308 4440 1379 4504 in
1424 4438 1547 4504 hoc
1591 4437 1944 4512 imitantes
1991 4435 2115 4522 qui
2160 4456 2316 4501 cum
2362 4441 2513 4502 esset
2557 4443 2825 4502 statura
2855 4459 2989 4523 pu-

1508 4609 1551 4616 -α

908 4611 1273 4620 ..-———--ss——-
2775 4606 2904 4614 --——
2947 4609 2990 4614 2——

964 4713 979 4743 ὶ
1024 4709 1323 4775 polyandri]
1344 4675 1447 4759 ἰἰ.
1488 4707 1576 4758 the
1616 4715 1888 4773 cemetery.
1955 4706 2257 4758 Larvatores
2290 4720 2421 4757 were
2456 4706 2541 4756 the
2575 4707 2789 4770 weyers,
2821 4706 2993 4772 acting

893 4807 927 4842 a
946 4788 1154 4842 miracle
1174 4790 1309 4854 play.
2779 4783 2787 4790 '
