3600 5800
369 3001 449 3052 19.

357 3860 493 3912 Ibid.

359 4255 489 4308 Ibid.

1417 875 1736 925 aum-ons
1782 876 2130 928 mmo,
2699 861 2826 926 215

719 1057 979 1125 AEterni
1024 1061 1370 1148 dispositio
1414 1061 1461 1126 J
1462 1062 1689 1141 udiciS,
1754 1064 1888 1144 Qui
1960 1063 2253 1131 humano
2327 1065 2532 1130 furori
2600 1065 2827 1131 cedere

716 1165 941 1241 nescit,
988 1165 1205 1232 locum
1249 1165 1646 1231 famulorum
1690 1189 1958 1233 suorum
2010 1170 2084 1234 in
2129 1190 2364 1236 manus
2409 1164 2825 1256 peccatorum

718 1281 1136 1352 nequaquam
1219 1268 1314 1333 ire
1388 1269 1702 1354 permisit.
1826 1270 2128 1357 Denique
2202 1276 2393 1358 pater
2454 1270 2819 1349 Wilfridus,
2846 1285 3098 1339 wilfrid’o

716 1367 1099 1454 priusquam
1130 1369 1330 1434 eundi
1376 1369 1653 1436 Romam
1696 1371 1797 1438 ita
1840 1373 2172 1459 arriperet,
2218 1373 2305 1438 ad
2351 1372 2567 1439 locum
2611 1372 2818 1451 venit,
2842 1354 3159 1473 affixe-his

714 1471 950 1538 fratres
994 1479 1074 1538 ut
1116 1495 1185 1538 se
1229 1495 1347 1560 per
1391 1475 1614 1540 omnia
1671 1476 1815 1542 Deo
1874 1478 2409 1543 commendarent
2451 1476 2813 1556 admonuit,
2838 1485 3044 1539 friends.

716 1578 784 1638 et
825 1594 910 1639 ne
953 1573 1239 1640 hominis
1298 1576 1465 1643 iram
1510 1576 1826 1644 timerent
1876 1600 2270 1666 magnopere
2305 1579 2527 1664 jussit,
2574 1579 2813 1656 dicens,

710 1675 810 1739 nil
851 1676 1119 1762 penitus
1163 1676 1256 1742 eis
1300 1699 1487 1764 posse
1539 1700 1786 1757 nocere,
1835 1681 1893 1748 si
1937 1680 2156 1745 Deum
2201 1683 2636 1766 protectorem
2681 1701 2817 1745 me-

711 1785 1015 1845 rerentur
1057 1780 1335 1861 habere;
1378 1780 1703 1847 haberent
1760 1788 2006 1860 autem,
2053 1783 2111 1847 si
2156 1781 2331 1846 Eum
2382 1803 2538 1847 vere
2584 1781 2814 1868 dilige-

708 1888 874 1959 rent,
939 1882 1152 1968 Eique
1218 1905 1474 1970 semper
1536 1884 1787 1951 sincero
1849 1885 2041 1951 corde
2109 1885 2448 1951 servirent.
2557 1884 2655 1949 At
2715 1884 2817 1949 issi

711 1983 916 2049 verba
957 1983 1064 2048 sui
1108 1985 1317 2068 patris
1370 1984 1732 2050 obediendo
1794 1991 2238 2072 susceperunt,
2285 1992 2355 2052 et
2396 1985 2545 2052 ideo
2589 1991 2820 2052 contra

713 2107 937 2152 omnes
966 2087 1374 2155 adversarios
1404 2087 1622 2153 Deum
1652 2092 2086 2175 protectorem
2131 2088 2373 2156 habere
2417 2094 2814 2155 meruerunt.

1333 2348 1779 2434 [CAPrrumu
1826 2349 2167 2437 XLVIH.]

681 2562 688 2573 ,
799 2498 969 2566 Cum
1013 2503 1238 2565 autem
1282 2498 1529 2564 Beatus
1569 2496 1916 2564 Wilfridus
1958 2498 2236 2564 Romam
2280 2497 2587 2576 venisset,
2632 2520 2814 2586 mag-
2840 2509 3045 2563 wilfrid

2835 2580 3050 2631 reaches

706 2600 899 2666 nifice
944 2607 1083 2666 tam
1117 2602 1204 2668 ab
1247 2600 1294 2665 J
1295 2601 1568 2677 ohanne,
1598 2600 1997 2686 Apostolicae
2043 2601 2215 2666 sedis
2260 2601 2580 2679 antistite,
2613 2618 2812 2687 quam
2837 2646 3019 2708 Rome,

705 2710 775 2770 et
817 2726 861 2770 a
903 2705 1146 2791 populo
1193 2705 1489 2770 Romano
1549 2709 1890 2791 susceptus
1952 2710 2067 2771 est.
2162 2704 2527 2777 Adventus
2585 2710 2812 2772 autem

703 2806 808 2872 sui
866 2828 1064 2874 causa
1122 2829 1272 2873 cum
1340 2824 1557 2873 coram
1618 2806 1999 2893 Apostolico
2067 2806 2426 2894 multisque
2492 2807 2811 2894 episcopis

585 2974 597 2987 ,
701 2910 1014 2976 ventilari
1059 2910 1340 2988 deberet,
1370 2917 1759 2990 praesentibus
1794 2918 2229 2975 accusatoribus
2272 2911 2410 2975 suis
2451 2920 2648 2976 locum
2685 2935 2809 2975 sese

703 3022 1046 3080 defendendi
1090 3014 1355 3100 accepit.
1448 3014 1687 3099 Itaque
1727 3014 2032 3091 surrexit,
2064 3035 2329 3079 eausam
2373 3034 2561 3079 suam
2591 3034 2808 3079 coram

703 3115 1007 3180 omnibus
1052 3115 1264 3194 dixit3
1330 3115 1506 3201 quod
1553 3114 1742 3190 dixit,
1807 3116 1901 3181 sic
1960 3136 2029 3179 se
2095 3113 2336 3181 habere
2400 3116 2593 3180 firma
2636 3116 2806 3180 veri-

706 3217 867 3282 tatis
912 3218 1167 3282 ratione
1228 3215 1554 3301 probavit.
1647 3213 1865 3292 Unde,
1934 3216 2298 3280 communis
2357 3216 2596 3301 judicii
2660 3238 2805 3280 sen—
2833 3225 2935 3302 angl
2956 3223 3000 3274 is
3022 3241 3108 3275 ac-

703 3318 933 3395 tentia,
979 3318 1110 3381 viri
1176 3316 1305 3381 Dei
1349 3314 1727 3380 innocentia
1787 3315 2290 3400 comprobatur3
2353 3320 2556 3401 atque
2619 3337 2806 3382 accu-
2832 3292 3123 3421 {lhugssdpg'y

704 3419 1030 3486 santium·
1071 3418 1255 3484 falsae
1331 3416 1676 3483 calumniae
1765 3416 2216 3502 reprobantur.
2358 3415 2572 3503 Super
2667 3417 2809 3483 haec
2832 3424 2935 3472 and
2957 3423 3046 3499 tue

702 3544 963 3610 quoque
1006 3521 1421 3588 venerandus
1481 3541 1653 3607 papa
1709 3519 1756 3584 J
1757 3518 2048 3586 ohannes
2093 3542 2135 3587 a
2180 3521 2433 3587 cunctis
2479 3527 2804 3600 exoratur,
2832 3487 3049 3538 oounmL

703 3628 1029 3711 quatenus
1073 3621 1453 3709 Apostolica
1512 3623 1865 3700 sanctione,
1913 3627 1982 3687 et
2036 3622 2307 3708 justitia
2352 3622 2399 3687 J
2398 3623 2537 3689 usti
2581 3623 2807 3689 debito

700 3730 946 3795 honore
991 3725 1388 3803 sublevetur,
1436 3730 1503 3790 et
1547 3723 1882 3810 injustitia
1923 3724 2371 3791 resistentium
2411 3725 2473 3792 ei
2517 3748 2807 3813 congrua

700 3830 1123 3898 damnatione
1189 3832 1541 3915 prematur.
1650 3834 1691 3890 J
1691 3834 1819 3891 uvit
1878 3837 2077 3890 autem
2130 3851 2364 3891 causam
2405 3828 2586 3893 illius
2630 3835 2804 3893 lectio

625 3955 646 3968 ⁶
697 3944 906 4017 synodi
950 3931 1343 4001 venerabilis
1402 3951 1592 4018 papae
1635 3937 1980 4030 Agathonis,
2029 3955 2160 4010 quae
2208 3938 2499 4010 quondam
2564 3930 2638 3995 in
2699 3930 2804 3995 sui

700 4038 1068 4127 praesentia,
1137 4035 1332 4126 sicut
1392 4032 1840 4122 praediximus,
1902 4035 2052 4098 acta
2113 4036 2229 4109 est,
2292 4052 2443 4098 cum
2508 4032 2583 4096 in
2647 4053 2801 4099 con-

700 4144 850 4211 cilio
897 4143 1344 4229 episcoporum
1390 4138 1531 4224 ipse
1582 4135 1841 4201 medius
1890 4134 2219 4201 resideret.
2313 4132 2492 4200 Nam
2535 4155 2685 4200 cum
2729 4158 2801 4202 re
2823 4139 2936 4193 The
2952 4156 3078 4219 pro-

696 4243 970 4312 exigente
1029 4239 1284 4311 synodus
1343 4236 1545 4292 eadem
1599 4227 1787 4312 jussu
1849 4246 2039 4312 papae
2098 4233 2411 4305 legeretur,
2469 4228 2538 4289 et
2605 4250 2799 4289 coram
2823 4210 3149 4328 megs

698 4331 991 4387 nobilibus
1049 4318 1389 4406 plebisque
1448 4324 1779 4397 frequentia
1841 4322 2047 4379 diebus
2107 4321 2333 4394 aliquot
2372 4315 2801 4396 recitaretur3
3124 4314 3137 4327 ”

695 4421 938 4474 ventum
974 4422 1064 4472 est
1096 4415 1172 4471 ad
1208 4425 1358 4472 eum
1380 4414 1595 4480 locum,
1623 4413 1724 4468 ubi
1750 4411 2030 4485 scriptum
2055 4417 2216 4479 erat3
2266 4413 2303 4439 “
2320 4409 2644 4479 wilfridus,
2674 4412 2801 4470 Deo

699 4513 739 4540 “
778 4507 1045 4570 amabilis
1080 4509 1382 4581 episcopus
1417 4507 1691 4562 Eboracoe
1727 4504 2005 4570 civitatis,
2044 4503 2445 4577 Apostolicam
2493 4505 2691 4562 sedem
2726 4506 2799 4563 de

706 4598 744 4624 “
781 4612 889 4651 sua
922 4611 1102 4650 causa
1136 4591 1495 4663 appellans‚”
1532 4595 1592 4646 et
1614 4593 1844 4654 emtor-a,
1873 4606 2002 4662 quae
2031 4606 2205 4660 supra
2226 4588 2544 4662 posuimus.
2634 4590 2801 4661 Quod

698 4679 800 4737 ubi
849 4680 1089 4744 lectum,
1145 4682 1347 4748 stupor
1396 4673 1782 4749 apprehendit
1830 4673 2152 4738 audientes,
2209 4681 2270 4731 et
2321 4673 2534 4731 silente
2579 4677 2798 4734 lectore

694 4768 1004 4839 coeperunt
1059 4761 1408 4817 alterutrum
1457 4759 1772 4830 requirere,
1816 4756 1959 4830 'quis
2008 4756 2108 4812 ille
2144 4756 2446 4814 wilfridus
2499 4761 2799 4833 episcopus
