<?xml version="1.0" encoding="UTF-8"?>
<!DOCTYPE html PUBLIC "-//W3C//DTD XHTML 1.0 Transitional//EN"
    "http://www.w3.org/TR/xhtml1/DTD/xhtml1-transitional.dtd">
<html xmlns="http://www.w3.org/1999/xhtml" xml:lang="en" lang="en">
 <head>
  <title>
</title>
<meta http-equiv="Content-Type" content="text/html;charset=utf-8" />
  <meta name='ocr-system' content='tesseract 3.04.00' />
  <meta name='ocr-capabilities' content='ocr_page ocr_carea ocr_par ocr_line ocrx_word'/>
</head>
<body>
  <div class='ocr_page' id='page_1' title='image "./historianschurc01raingoog_0310.png"; bbox 0 0 3600 5800; ppageno 0'>
   <div class='ocr_carea' id='block_1_1' title="bbox 833 868 2348 931">
    <p class='ocr_par' dir='ltr' id='par_1_1' title="bbox 833 868 2348 931">
     <span class='ocr_line' id='line_1_1' title="bbox 833 868 2348 931; baseline -0.001 -1"><span class='ocrx_word' id='word_1_1' title='bbox 833 868 960 931; x_wconf 81' lang='lat'>226</span> <span class='ocrx_word' id='word_1_2' title='bbox 1442 878 1609 931; x_wconf 73' lang='lat' dir='ltr'>VITA</span> <span class='ocrx_word' id='word_1_3' title='bbox 1652 879 1980 929; x_wconf 75' lang='lat' dir='ltr'>w1LFR1D1</span> <span class='ocrx_word' id='word_1_4' title='bbox 2028 879 2348 929; x_wconf 75' lang='lat' dir='ltr'>Emscom.</span> 
     </span>
    </p>
   </div>
   <div class='ocr_carea' id='block_1_2' title="bbox 829 1059 2948 3773">
    <p class='ocr_par' dir='ltr' id='par_1_2' title="bbox 831 1059 2948 1856">
     <span class='ocr_line' id='line_1_2' title="bbox 833 1059 2947 1147; baseline -0 -22"><span class='ocrx_word' id='word_1_5' title='bbox 833 1080 1091 1147; x_wconf 87' lang='lat' dir='ltr'>quaque</span> <span class='ocrx_word' id='word_1_6' title='bbox 1136 1059 1497 1139; x_wconf 87' lang='lat' dir='ltr'>roboratus,</span> <span class='ocrx_word' id='word_1_7' title='bbox 1528 1061 1847 1146; x_wconf 90' lang='lat' dir='ltr'>quicquid</span> <span class='ocrx_word' id='word_1_8' title='bbox 1891 1061 2101 1146; x_wconf 87' lang='lat' dir='ltr'>ipsius</span> <span class='ocrx_word' id='word_1_9' title='bbox 2130 1062 2419 1128; x_wconf 82' lang='lat' dir='ltr'>ecclesiae</span> <span class='ocrx_word' id='word_1_10' title='bbox 2449 1061 2703 1127; x_wconf 84' lang='lat' dir='ltr'>vetusti</span> <span class='ocrx_word' id='word_1_11' title='bbox 2732 1059 2947 1146; x_wconf 87' lang='lat' dir='ltr'>operis</span> 
     </span>
     <span class='ocr_line' id='line_1_3' title="bbox 831 1162 2946 1247; baseline -0.001 -19"><span class='ocrx_word' id='word_1_12' title='bbox 831 1162 1177 1238; x_wconf 73' lang='lat' dir='ltr'>resederat,</span> <span class='ocrx_word' id='word_1_13' title='bbox 1207 1183 1383 1227; x_wconf 86' lang='lat' dir='ltr'>nova</span> <span class='ocrx_word' id='word_1_14' title='bbox 1427 1162 1650 1227; x_wconf 89' lang='lat' dir='ltr'>omnia</span> <span class='ocrx_word' id='word_1_15' title='bbox 1694 1167 2205 1242; x_wconf 70' lang='lat' dir='ltr'><strong>constructurus,</strong></span> <span class='ocrx_word' id='word_1_16' title='bbox 2239 1163 2498 1229; x_wconf 85' lang='lat' dir='ltr'>evertit.</span> <span class='ocrx_word' id='word_1_17' title='bbox 2592 1162 2764 1230; x_wconf 85' lang='lat' dir='ltr'>Cum</span> <span class='ocrx_word' id='word_1_18' title='bbox 2793 1183 2946 1247; x_wconf 87' lang='lat' dir='ltr'>ergo</span> 
     </span>
     <span class='ocr_line' id='line_1_4' title="bbox 833 1263 2946 1352; baseline -0.002 -22"><span class='ocrx_word' id='word_1_19' title='bbox 833 1265 1223 1352; x_wconf 88' lang='lat' dir='ltr'>praedictum</span> <span class='ocrx_word' id='word_1_20' title='bbox 1269 1264 1476 1330; x_wconf 83' lang='lat' dir='ltr'>altare</span> <span class='ocrx_word' id='word_1_21' title='bbox 1522 1263 2033 1342; x_wconf 72' lang='lat' dir='ltr'>subverteretur,</span> <span class='ocrx_word' id='word_1_22' title='bbox 2075 1264 2371 1351; x_wconf 72' lang='lat' dir='ltr'>reliquiae</span> <span class='ocrx_word' id='word_1_23' title='bbox 2418 1265 2612 1331; x_wconf 84' lang='lat' dir='ltr'>Beati</span> <span class='ocrx_word' id='word_1_24' title='bbox 2652 1263 2946 1328; x_wconf 83' lang='lat' dir='ltr'>Wilfridi</span> 
     </span>
     <span class='ocr_line' id='line_1_5' title="bbox 833 1365 2946 1453; baseline -0 -22"><span class='ocrx_word' id='word_1_25' title='bbox 833 1372 1108 1453; x_wconf 84' lang='lat' dir='ltr'>repertae</span> <span class='ocrx_word' id='word_1_26' title='bbox 1171 1387 1249 1432; x_wconf 91' lang='lat' dir='ltr'>ac</span> <span class='ocrx_word' id='word_1_27' title='bbox 1313 1366 1550 1434; x_wconf 83' lang='lat' dir='ltr'>levatae</span> <span class='ocrx_word' id='word_1_28' title='bbox 1627 1371 1801 1443; x_wconf 88' lang='lat' dir='ltr'>sunt,</span> <span class='ocrx_word' id='word_1_29' title='bbox 1878 1372 2080 1451; x_wconf 88' lang='lat' dir='ltr'>atque</span> <span class='ocrx_word' id='word_1_30' title='bbox 2147 1366 2221 1430; x_wconf 90' lang='lat' dir='ltr'>in</span> <span class='ocrx_word' id='word_1_31' title='bbox 2287 1366 2530 1434; x_wconf 88' lang='lat' dir='ltr'>scrinio</span> <span class='ocrx_word' id='word_1_32' title='bbox 2598 1365 2946 1432; x_wconf 71' lang='lat' dir='ltr'>collocatae.</span> 
     </span>
     <span class='ocr_line' id='line_1_6' title="bbox 833 1466 2948 1553; baseline 0.001 -21"><span class='ocrx_word' id='word_1_33' title='bbox 833 1467 1082 1532; x_wconf 88' lang='lat' dir='ltr'>Verum</span> <span class='ocrx_word' id='word_1_34' title='bbox 1127 1487 1278 1533; x_wconf 89' lang='lat' dir='ltr'>cum</span> <span class='ocrx_word' id='word_1_35' title='bbox 1324 1471 1476 1553; x_wconf 88' lang='lat' dir='ltr'>post</span> <span class='ocrx_word' id='word_1_36' title='bbox 1518 1466 1774 1551; x_wconf 81' lang='lat' dir='ltr'>aliquot</span> <span class='ocrx_word' id='word_1_37' title='bbox 1817 1488 2027 1533; x_wconf 90' lang='lat' dir='ltr'>annos</span> <span class='ocrx_word' id='word_1_38' title='bbox 2071 1466 2353 1533; x_wconf 87' lang='lat' dir='ltr'>fratrum</span> <span class='ocrx_word' id='word_1_39' title='bbox 2398 1468 2711 1534; x_wconf 84' lang='lat' dir='ltr'>voluntas</span> <span class='ocrx_word' id='word_1_40' title='bbox 2754 1467 2830 1532; x_wconf 91' lang='lat' dir='ltr'>in</span> <span class='ocrx_word' id='word_1_41' title='bbox 2871 1488 2948 1534; x_wconf 89' lang='lat' dir='ltr'>eo</span> 
     </span>
     <span class='ocr_line' id='line_1_7' title="bbox 833 1568 2947 1656; baseline -0.001 -21"><span class='ocrx_word' id='word_1_42' title='bbox 833 1569 1247 1646; x_wconf 81' lang='lat' dir='ltr'>consentiret,</span> <span class='ocrx_word' id='word_1_43' title='bbox 1279 1574 1359 1633; x_wconf 89' lang='lat' dir='ltr'>ut</span> <span class='ocrx_word' id='word_1_44' title='bbox 1411 1569 1623 1655; x_wconf 87' lang='lat' dir='ltr'>magis</span> <span class='ocrx_word' id='word_1_45' title='bbox 1667 1569 1801 1634; x_wconf 84' lang='lat' dir='ltr'>fixo</span> <span class='ocrx_word' id='word_1_46' title='bbox 1843 1568 1984 1635; x_wconf 88' lang='lat' dir='ltr'>loco</span> <span class='ocrx_word' id='word_1_47' title='bbox 2038 1569 2533 1650; x_wconf 85' lang='lat' dir='ltr'>clauderentur3</span> <span class='ocrx_word' id='word_1_48' title='bbox 2573 1570 2947 1656; x_wconf 86' lang='lat' dir='ltr'>sepulcrum</span> 
     </span>
     <span class='ocr_line' id='line_1_8' title="bbox 834 1670 2946 1761; baseline 0 -25"><span class='ocrx_word' id='word_1_49' title='bbox 834 1671 928 1736; x_wconf 89' lang='lat' dir='ltr'>eis</span> <span class='ocrx_word' id='word_1_50' title='bbox 974 1671 1047 1735; x_wconf 88' lang='lat' dir='ltr'>in</span> <span class='ocrx_word' id='word_1_51' title='bbox 1090 1670 1452 1756; x_wconf 77' lang='lat' dir='ltr'>aquilonali</span> <span class='ocrx_word' id='word_1_52' title='bbox 1496 1676 1686 1756; x_wconf 86' lang='lat' dir='ltr'>parte</span> <span class='ocrx_word' id='word_1_53' title='bbox 1729 1670 1959 1737; x_wconf 86' lang='lat' dir='ltr'>altaris</span> <span class='ocrx_word' id='word_1_54' title='bbox 2005 1672 2253 1737; x_wconf 86' lang='lat' dir='ltr'>factum</span> <span class='ocrx_word' id='word_1_55' title='bbox 2299 1678 2415 1751; x_wconf 87' lang='lat' dir='ltr'>est,</span> <span class='ocrx_word' id='word_1_56' title='bbox 2438 1678 2517 1761; x_wconf 27' lang='lat' dir='ltr'>&#39;et</span> <span class='ocrx_word' id='word_1_57' title='bbox 2558 1673 2634 1737; x_wconf 89' lang='lat' dir='ltr'>in</span> <span class='ocrx_word' id='word_1_58' title='bbox 2663 1693 2741 1737; x_wconf 93' lang='lat' dir='ltr'>eo</span> <span class='ocrx_word' id='word_1_59' title='bbox 2786 1675 2946 1736; x_wconf 88' lang='lat' dir='ltr'>sunt</span> 
     </span>
     <span class='ocr_line' id='line_1_9' title="bbox 833 1770 2414 1856; baseline 0.001 -20"><span class='ocrx_word' id='word_1_60' title='bbox 833 1776 1071 1856; x_wconf 91' lang='lat' dir='ltr'>quarto</span> <span class='ocrx_word' id='word_1_61' title='bbox 1115 1771 1265 1836; x_wconf 91' lang='lat' dir='ltr'>idus</span> <span class='ocrx_word' id='word_1_62' title='bbox 1312 1770 1615 1838; x_wconf 79' lang='lat' dir='ltr'>Octobris</span> <span class='ocrx_word' id='word_1_63' title='bbox 1659 1777 2039 1837; x_wconf 86' lang='lat' dir='ltr'>reverenter</span> <span class='ocrx_word' id='word_1_64' title='bbox 2058 1771 2083 1810; x_wconf 80' lang='lat'>¹</span> <span class='ocrx_word' id='word_1_65' title='bbox 2128 1772 2414 1838; x_wconf 86' lang='lat' dir='ltr'>inclusae.</span> 
     </span>
    </p>

    <p class='ocr_par' dir='ltr' id='par_1_3' title="bbox 829 1872 2945 3773">
     <span class='ocr_line' id='line_1_10' title="bbox 925 1872 2942 1959; baseline -0.001 -22"><span class='ocrx_word' id='word_1_66' title='bbox 925 1873 1066 1938; x_wconf 90' lang='lat' dir='ltr'>Nos</span> <span class='ocrx_word' id='word_1_67' title='bbox 1112 1893 1371 1958; x_wconf 92' lang='lat' dir='ltr'>quoque</span> <span class='ocrx_word' id='word_1_68' title='bbox 1431 1872 1537 1937; x_wconf 90' lang='lat' dir='ltr'>his</span> <span class='ocrx_word' id='word_1_69' title='bbox 1598 1872 1698 1938; x_wconf 89' lang='lat' dir='ltr'>ita</span> <span class='ocrx_word' id='word_1_70' title='bbox 1742 1872 1826 1937; x_wconf 89' lang='lat' dir='ltr'>de</span> <span class='ocrx_word' id='word_1_71' title='bbox 1870 1874 2017 1959; x_wconf 92' lang='lat' dir='ltr'>ipso</span> <span class='ocrx_word' id='word_1_72' title='bbox 2061 1879 2249 1959; x_wconf 89' lang='lat' dir='ltr'>patre</span> <span class='ocrx_word' id='word_1_73' title='bbox 2295 1893 2556 1958; x_wconf 91' lang='lat' dir='ltr'>quoquo</span> <span class='ocrx_word' id='word_1_74' title='bbox 2601 1872 2796 1937; x_wconf 89' lang='lat' dir='ltr'>modo</span> <span class='ocrx_word' id='word_1_75' title='bbox 2842 1872 2942 1935; x_wconf 89' lang='lat' dir='ltr'>di-</span> 
     </span>
     <span class='ocr_line' id='line_1_11' title="bbox 833 1972 2939 2060; baseline 0 -24"><span class='ocrx_word' id='word_1_76' title='bbox 833 1973 1052 2060; x_wconf 80' lang='lat' dir='ltr'>gestis,</span> <span class='ocrx_word' id='word_1_77' title='bbox 1088 1974 1233 2059; x_wconf 89' lang='lat' dir='ltr'>jam</span> <span class='ocrx_word' id='word_1_78' title='bbox 1276 1972 1547 2037; x_wconf 88' lang='lat' dir='ltr'>tandem</span> <span class='ocrx_word' id='word_1_79' title='bbox 1593 1973 1925 2038; x_wconf 83' lang='lat' dir='ltr'>scribendi</span> <span class='ocrx_word' id='word_1_80' title='bbox 1972 1973 2268 2039; x_wconf 89' lang='lat' dir='ltr'>ordinem</span> <span class='ocrx_word' id='word_1_81' title='bbox 2313 1973 2815 2051; x_wconf 84' lang='lat' dir='ltr'>concludamus3</span> <span class='ocrx_word' id='word_1_82' title='bbox 2869 1975 2939 2036; x_wconf 88' lang='lat' dir='ltr'>et</span> 
     </span>
     <span class='ocr_line' id='line_1_12' title="bbox 833 2072 2941 2159; baseline -0 -21"><span class='ocrx_word' id='word_1_83' title='bbox 833 2074 977 2140; x_wconf 92' lang='lat' dir='ltr'>Deo</span> <span class='ocrx_word' id='word_1_84' title='bbox 1021 2095 1098 2140; x_wconf 87' lang='lat' dir='ltr'>ac</span> <span class='ocrx_word' id='word_1_85' title='bbox 1138 2074 1425 2140; x_wconf 85' lang='lat' dir='ltr'>Domino</span> <span class='ocrx_word' id='word_1_86' title='bbox 1470 2080 1695 2139; x_wconf 88' lang='lat' dir='ltr'>nostro</span> <span class='ocrx_word' id='word_1_87' title='bbox 1741 2074 1952 2139; x_wconf 86' lang='lat' dir='ltr'>Jhesu</span> <span class='ocrx_word' id='word_1_88' title='bbox 1999 2074 2267 2140; x_wconf 84' lang='lat' dir='ltr'>Christo</span> <span class='ocrx_word' id='word_1_89' title='bbox 2311 2074 2559 2159; x_wconf 81' lang='lat' dir='ltr'>gratias</span> <span class='ocrx_word' id='word_1_90' title='bbox 2604 2072 2686 2138; x_wconf 91' lang='lat' dir='ltr'>de</span> <span class='ocrx_word' id='word_1_91' title='bbox 2732 2073 2941 2138; x_wconf 90' lang='lat' dir='ltr'>omni-</span> 
     </span>
     <span class='ocr_line' id='line_1_13' title="bbox 834 2175 2934 2262; baseline 0 -22"><span class='ocrx_word' id='word_1_92' title='bbox 834 2176 958 2240; x_wconf 89' lang='lat' dir='ltr'>bus</span> <span class='ocrx_word' id='word_1_93' title='bbox 1005 2175 1158 2240; x_wconf 87' lang='lat' dir='ltr'>Suis</span> <span class='ocrx_word' id='word_1_94' title='bbox 1197 2175 1659 2262; x_wconf 53' lang='lat' dir='ltr'>persolventes</span> <span class='ocrx_word' id='word_1_95' title='bbox 1707 2175 1910 2241; x_wconf 88' lang='lat' dir='ltr'>finem</span> <span class='ocrx_word' id='word_1_96' title='bbox 1954 2175 2115 2241; x_wconf 83' lang='lat' dir='ltr'>huic</span> <span class='ocrx_word' id='word_1_97' title='bbox 2159 2175 2472 2262; x_wconf 87' lang='lat' dir='ltr'>opusculo</span> <span class='ocrx_word' id='word_1_98' title='bbox 2503 2176 2934 2261; x_wconf 74' lang='lat' dir='ltr'>imponamus.</span> 
     </span>
     <span class='ocr_line' id='line_1_14' title="bbox 833 2276 2943 2363; baseline -0.002 -20"><span class='ocrx_word' id='word_1_99' title='bbox 833 2278 1286 2343; x_wconf 85' lang='lat' dir='ltr'>Veruntamen</span> <span class='ocrx_word' id='word_1_100' title='bbox 1345 2277 1417 2341; x_wconf 90' lang='lat' dir='ltr'>id</span> <span class='ocrx_word' id='word_1_101' title='bbox 1461 2278 1534 2341; x_wconf 91' lang='lat' dir='ltr'>in</span> <span class='ocrx_word' id='word_1_102' title='bbox 1577 2277 1709 2342; x_wconf 90' lang='lat' dir='ltr'>fine</span> <span class='ocrx_word' id='word_1_103' title='bbox 1752 2277 2199 2363; x_wconf 86' lang='lat' dir='ltr'>adjiciendum</span> <span class='ocrx_word' id='word_1_104' title='bbox 2219 2276 2245 2316; x_wconf 73' lang='lat'>2</span> <span class='ocrx_word' id='word_1_105' title='bbox 2313 2276 2714 2363; x_wconf 89' lang='lat' dir='ltr'>putavimus,</span> <span class='ocrx_word' id='word_1_106' title='bbox 2763 2281 2844 2341; x_wconf 88' lang='lat' dir='ltr'>ut</span> <span class='ocrx_word' id='word_1_107' title='bbox 2887 2276 2943 2340; x_wconf 87' lang='lat' dir='ltr'>si</span> 
     </span>
     <span class='ocr_line' id='line_1_15' title="bbox 834 2376 2941 2465; baseline -0.001 -22"><span class='ocrx_word' id='word_1_108' title='bbox 834 2380 981 2465; x_wconf 89' lang='lat' dir='ltr'>quis</span> <span class='ocrx_word' id='word_1_109' title='bbox 1041 2379 1183 2446; x_wconf 85' lang='lat' dir='ltr'>haec</span> <span class='ocrx_word' id='word_1_110' title='bbox 1240 2379 1463 2464; x_wconf 86' lang='lat' dir='ltr'>legens</span> <span class='ocrx_word' id='word_1_111' title='bbox 1508 2377 1619 2442; x_wconf 88' lang='lat' dir='ltr'>vel</span> <span class='ocrx_word' id='word_1_112' title='bbox 1680 2378 1975 2455; x_wconf 85' lang='lat' dir='ltr'>audiens,</span> <span class='ocrx_word' id='word_1_113' title='bbox 2025 2378 2511 2464; x_wconf 80' lang='lat' dir='ltr'>indignitatem,</span> <span class='ocrx_word' id='word_1_114' title='bbox 2562 2383 2631 2443; x_wconf 91' lang='lat' dir='ltr'>et</span> <span class='ocrx_word' id='word_1_115' title='bbox 2690 2376 2941 2463; x_wconf 85' lang='lat' dir='ltr'>ingenii</span> 
     </span>
     <span class='ocr_line' id='line_1_16' title="bbox 833 2479 2945 2566; baseline -0 -22"><span class='ocrx_word' id='word_1_116' title='bbox 833 2481 963 2545; x_wconf 90' lang='lat' dir='ltr'>mei</span> <span class='ocrx_word' id='word_1_117' title='bbox 1008 2481 1386 2547; x_wconf 86' lang='lat' dir='ltr'>fatuitatem</span> <span class='ocrx_word' id='word_1_118' title='bbox 1434 2485 1684 2546; x_wconf 90' lang='lat' dir='ltr'>remota</span> <span class='ocrx_word' id='word_1_119' title='bbox 1712 2481 1963 2565; x_wconf 83' lang='lat' dir='ltr'>pietate</span> <span class='ocrx_word' id='word_1_120' title='bbox 2009 2481 2466 2566; x_wconf 86' lang='lat' dir='ltr'>perpenderit3</span> <span class='ocrx_word' id='word_1_121' title='bbox 2513 2485 2582 2545; x_wconf 87' lang='lat' dir='ltr'>et</span> <span class='ocrx_word' id='word_1_122' title='bbox 2627 2501 2706 2545; x_wconf 90' lang='lat' dir='ltr'>ea</span> <span class='ocrx_word' id='word_1_123' title='bbox 2748 2500 2819 2545; x_wconf 90' lang='lat' dir='ltr'>re</span> <span class='ocrx_word' id='word_1_124' title='bbox 2862 2479 2945 2543; x_wconf 86' lang='lat' dir='ltr'>iis</span> 
     </span>
     <span class='ocr_line' id='line_1_17' title="bbox 833 2585 2943 2670; baseline -0.001 -20"><span class='ocrx_word' id='word_1_125' title='bbox 833 2606 982 2670; x_wconf 83' lang='lat' dir='ltr'>quae</span> <span class='ocrx_word' id='word_1_126' title='bbox 1045 2585 1128 2649; x_wconf 92' lang='lat' dir='ltr'>de</span> <span class='ocrx_word' id='word_1_127' title='bbox 1187 2590 1377 2649; x_wconf 85' lang='lat' dir='ltr'>tanto</span> <span class='ocrx_word' id='word_1_128' title='bbox 1438 2590 1626 2670; x_wconf 88' lang='lat' dir='ltr'>patre</span> <span class='ocrx_word' id='word_1_129' title='bbox 1691 2585 1871 2650; x_wconf 86' lang='lat' dir='ltr'>dicta</span> <span class='ocrx_word' id='word_1_130' title='bbox 1935 2593 2109 2663; x_wconf 88' lang='lat' dir='ltr'>sunt,</span> <span class='ocrx_word' id='word_1_131' title='bbox 2172 2586 2371 2650; x_wconf 87' lang='lat' dir='ltr'>fidem</span> <span class='ocrx_word' id='word_1_132' title='bbox 2442 2585 2731 2670; x_wconf 86' lang='lat' dir='ltr'>praebere</span> <span class='ocrx_word' id='word_1_133' title='bbox 2792 2604 2943 2650; x_wconf 91' lang='lat' dir='ltr'>con-</span> 
     </span>
     <span class='ocr_line' id='line_1_18' title="bbox 832 2685 2941 2771; baseline -0.001 -21"><span class='ocrx_word' id='word_1_134' title='bbox 832 2685 1209 2771; x_wconf 84' lang='lat' dir='ltr'>tempserit3</span> <span class='ocrx_word' id='word_1_135' title='bbox 1267 2686 1530 2749; x_wconf 88' lang='lat' dir='ltr'>noverit</span> <span class='ocrx_word' id='word_1_136' title='bbox 1602 2686 1761 2771; x_wconf 86' lang='lat' dir='ltr'>quia</span> <span class='ocrx_word' id='word_1_137' title='bbox 1824 2688 2059 2764; x_wconf 88' lang='lat' dir='ltr'>omnia,</span> <span class='ocrx_word' id='word_1_138' title='bbox 2108 2707 2257 2770; x_wconf 84' lang='lat' dir='ltr'>quae</span> <span class='ocrx_word' id='word_1_139' title='bbox 2319 2687 2401 2749; x_wconf 90' lang='lat' dir='ltr'>de</span> <span class='ocrx_word' id='word_1_140' title='bbox 2464 2706 2540 2749; x_wconf 91' lang='lat' dir='ltr'>eo</span> <span class='ocrx_word' id='word_1_141' title='bbox 2604 2690 2941 2767; x_wconf 86' lang='lat' dir='ltr'>uteunque</span> 
     </span>
     <span class='ocr_line' id='line_1_19' title="bbox 832 2785 2938 2872; baseline -0.001 -21"><span class='ocrx_word' id='word_1_142' title='bbox 832 2787 1305 2872; x_wconf 70' lang='lat' dir='ltr'>descripsimuS‚</span> <span class='ocrx_word' id='word_1_143' title='bbox 1353 2788 1746 2854; x_wconf 88' lang='lat' dir='ltr'>auctoritate</span> <span class='ocrx_word' id='word_1_144' title='bbox 1794 2788 2273 2854; x_wconf 79' lang='lat' dir='ltr'>venerabilium</span> <span class='ocrx_word' id='word_1_145' title='bbox 2328 2788 2634 2863; x_wconf 89' lang='lat' dir='ltr'>virorum,</span> <span class='ocrx_word' id='word_1_146' title='bbox 2686 2785 2938 2851; x_wconf 87' lang='lat' dir='ltr'>Odonis</span> 
     </span>
     <span class='ocr_line' id='line_1_20' title="bbox 831 2885 2941 2974; baseline 0 -22"><span class='ocrx_word' id='word_1_147' title='bbox 831 2886 1141 2953; x_wconf 86' lang='lat' dir='ltr'>videlicet</span> <span class='ocrx_word' id='word_1_148' title='bbox 1214 2887 1699 2974; x_wconf 85' lang='lat' dir='ltr'>archiepiscopi,</span> <span class='ocrx_word' id='word_1_149' title='bbox 1775 2894 1845 2954; x_wconf 86' lang='lat' dir='ltr'>et</span> <span class='ocrx_word' id='word_1_150' title='bbox 1916 2888 2114 2954; x_wconf 84' lang='lat' dir='ltr'>Bedae</span> <span class='ocrx_word' id='word_1_151' title='bbox 2183 2886 2566 2972; x_wconf 86' lang='lat' dir='ltr'>presbyteri,</span> <span class='ocrx_word' id='word_1_152' title='bbox 2635 2885 2941 2952; x_wconf 85' lang='lat' dir='ltr'>roborata</span> 
     </span>
     <span class='ocr_line' id='line_1_21' title="bbox 830 2988 2940 3075; baseline -0 -22"><span class='ocrx_word' id='word_1_153' title='bbox 830 2988 1199 3075; x_wconf 91' lang='lat' dir='ltr'>probamus,</span> <span class='ocrx_word' id='word_1_154' title='bbox 1230 2989 1329 3053; x_wconf 92' lang='lat' dir='ltr'>nil</span> <span class='ocrx_word' id='word_1_155' title='bbox 1357 2991 1431 3054; x_wconf 90' lang='lat' dir='ltr'>in</span> <span class='ocrx_word' id='word_1_156' title='bbox 1475 2990 1568 3055; x_wconf 87' lang='lat' dir='ltr'>eis</span> <span class='ocrx_word' id='word_1_157' title='bbox 1601 3012 1686 3056; x_wconf 79' lang='lat' dir='ltr'>ex</span> <span class='ocrx_word' id='word_1_158' title='bbox 1731 2997 1956 3056; x_wconf 85' lang='lat' dir='ltr'>nostra</span> <span class='ocrx_word' id='word_1_159' title='bbox 2001 2997 2188 3075; x_wconf 85' lang='lat' dir='ltr'>parte</span> <span class='ocrx_word' id='word_1_160' title='bbox 2233 2994 2565 3074; x_wconf 77' lang='lat' dir='ltr'>ponenteS,</span> <span class='ocrx_word' id='word_1_161' title='bbox 2596 2988 2729 3052; x_wconf 84' lang='lat' dir='ltr'>nisi</span> <span class='ocrx_word' id='word_1_162' title='bbox 2762 2988 2940 3073; x_wconf 92' lang='lat' dir='ltr'>quod</span> 
     </span>
     <span class='ocr_line' id='line_1_22' title="bbox 830 3088 2941 3174; baseline -0 -21"><span class='ocrx_word' id='word_1_163' title='bbox 830 3090 1109 3174; x_wconf 87' lang='lat' dir='ltr'>propriis</span> <span class='ocrx_word' id='word_1_164' title='bbox 1155 3089 1360 3156; x_wconf 83' lang='lat' dir='ltr'>oculis</span> <span class='ocrx_word' id='word_1_165' title='bbox 1414 3091 1647 3155; x_wconf 86' lang='lat' dir='ltr'>intuiti</span> <span class='ocrx_word' id='word_1_166' title='bbox 1709 3113 1952 3156; x_wconf 88' lang='lat' dir='ltr'>sumus.</span> <span class='ocrx_word' id='word_1_167' title='bbox 2077 3090 2257 3155; x_wconf 88' lang='lat' dir='ltr'>Illud</span> <span class='ocrx_word' id='word_1_168' title='bbox 2303 3095 2526 3155; x_wconf 86' lang='lat' dir='ltr'>tamen</span> <span class='ocrx_word' id='word_1_169' title='bbox 2573 3088 2749 3172; x_wconf 90' lang='lat' dir='ltr'>quod</span> <span class='ocrx_word' id='word_1_170' title='bbox 2795 3089 2941 3153; x_wconf 78' lang='lat' dir='ltr'>dixi</span> 
     </span>
     <span class='ocr_line' id='line_1_23' title="bbox 832 3189 2940 3278; baseline 0 -24"><span class='ocrx_word' id='word_1_171' title='bbox 832 3190 912 3255; x_wconf 92' lang='lat' dir='ltr'>de</span> <span class='ocrx_word' id='word_1_172' title='bbox 957 3190 1379 3257; x_wconf 82' lang='lat' dir='ltr'>damnatione</span> <span class='ocrx_word' id='word_1_173' title='bbox 1441 3193 1613 3278; x_wconf 83' lang='lat' dir='ltr'>regis</span> <span class='ocrx_word' id='word_1_174' title='bbox 1661 3192 1913 3258; x_wconf 84' lang='lat' dir='ltr'>chridi</span> <span class='ocrx_word' id='word_1_175' title='bbox 1965 3191 2175 3257; x_wconf 85' lang='lat' dir='ltr'>fateor</span> <span class='ocrx_word' id='word_1_176' title='bbox 2217 3211 2543 3275; x_wconf 89' lang='lat' dir='ltr'>nusquam</span> <span class='ocrx_word' id='word_1_177' title='bbox 2590 3189 2762 3275; x_wconf 83' lang='lat' dir='ltr'>legi3</span> <span class='ocrx_word' id='word_1_178' title='bbox 2822 3191 2940 3255; x_wconf 90' lang='lat' dir='ltr'>sed</span> 
     </span>
     <span class='ocr_line' id='line_1_24' title="bbox 831 3292 2941 3379; baseline -0.001 -21"><span class='ocrx_word' id='word_1_179' title='bbox 831 3297 934 3358; x_wconf 88' lang='lat' dir='ltr'>tot</span> <span class='ocrx_word' id='word_1_180' title='bbox 978 3293 1274 3379; x_wconf 87' lang='lat' dir='ltr'>talesque</span> <span class='ocrx_word' id='word_1_181' title='bbox 1319 3294 1448 3356; x_wconf 84' lang='lat' dir='ltr'>viri</span> <span class='ocrx_word' id='word_1_182' title='bbox 1513 3294 1584 3358; x_wconf 91' lang='lat' dir='ltr'>id</span> <span class='ocrx_word' id='word_1_183' title='bbox 1628 3294 1727 3359; x_wconf 87' lang='lat' dir='ltr'>ita</span> <span class='ocrx_word' id='word_1_184' title='bbox 1787 3317 1857 3358; x_wconf 91' lang='lat' dir='ltr'>se</span> <span class='ocrx_word' id='word_1_185' title='bbox 1901 3293 2209 3358; x_wconf 85' lang='lat' dir='ltr'>habuisse</span> <span class='ocrx_word' id='word_1_186' title='bbox 2269 3293 2675 3369; x_wconf 87' lang='lat' dir='ltr'>confirmant,</span> <span class='ocrx_word' id='word_1_187' title='bbox 2721 3296 2802 3356; x_wconf 88' lang='lat' dir='ltr'>ut</span> <span class='ocrx_word' id='word_1_188' title='bbox 2848 3292 2941 3357; x_wconf 90' lang='lat' dir='ltr'>eis</span> 
     </span>
     <span class='ocr_line' id='line_1_25' title="bbox 829 3393 2941 3482; baseline 0 -23"><span class='ocrx_word' id='word_1_189' title='bbox 829 3395 1003 3461; x_wconf 91' lang='lat' dir='ltr'>nolle</span> <span class='ocrx_word' id='word_1_190' title='bbox 1050 3396 1308 3462; x_wconf 90' lang='lat' dir='ltr'>credere</span> <span class='ocrx_word' id='word_1_191' title='bbox 1352 3418 1609 3482; x_wconf 71' lang='lat' dir='ltr'>magnae</span> <span class='ocrx_word' id='word_1_192' title='bbox 1657 3396 2091 3480; x_wconf 72' lang='lat' dir='ltr'>impudentiae</span> <span class='ocrx_word' id='word_1_193' title='bbox 2137 3418 2275 3461; x_wconf 82' lang='lat' dir='ltr'>esse</span> <span class='ocrx_word' id='word_1_194' title='bbox 2321 3395 2721 3460; x_wconf 80' lang='lat' dir='ltr'>crediderim.</span> <span class='ocrx_word' id='word_1_195' title='bbox 2834 3393 2941 3459; x_wconf 87' lang='lat' dir='ltr'>Sit</span> 
     </span>
     <span class='ocr_line' id='line_1_26' title="bbox 831 3495 2930 3582; baseline 0 -22"><span class='ocrx_word' id='word_1_196' title='bbox 831 3497 1055 3582; x_wconf 88' lang='lat' dir='ltr'>itaque</span> <span class='ocrx_word' id='word_1_197' title='bbox 1098 3495 1243 3562; x_wconf 86' lang='lat' dir='ltr'>laus</span> <span class='ocrx_word' id='word_1_198' title='bbox 1289 3502 1357 3563; x_wconf 88' lang='lat' dir='ltr'>et</span> <span class='ocrx_word' id='word_1_199' title='bbox 1399 3497 1764 3582; x_wconf 86' lang='lat' dir='ltr'>gratiarum</span> <span class='ocrx_word' id='word_1_200' title='bbox 1810 3496 1983 3562; x_wconf 89' lang='lat' dir='ltr'>actio</span> <span class='ocrx_word' id='word_1_201' title='bbox 2031 3496 2492 3581; x_wconf 87' lang='lat' dir='ltr'>Omnipotenti</span> <span class='ocrx_word' id='word_1_202' title='bbox 2536 3495 2695 3573; x_wconf 87' lang='lat' dir='ltr'>Deo,</span> <span class='ocrx_word' id='word_1_203' title='bbox 2744 3495 2930 3560; x_wconf 89' lang='lat' dir='ltr'>Patri</span> 
     </span>
     <span class='ocr_line' id='line_1_27' title="bbox 831 3595 2937 3684; baseline 0 -24"><span class='ocrx_word' id='word_1_204' title='bbox 831 3602 900 3660; x_wconf 85' lang='lat' dir='ltr'>et</span> <span class='ocrx_word' id='word_1_205' title='bbox 951 3596 1122 3660; x_wconf 86' lang='lat' dir='ltr'>Filio</span> <span class='ocrx_word' id='word_1_206' title='bbox 1176 3602 1243 3662; x_wconf 88' lang='lat' dir='ltr'>et</span> <span class='ocrx_word' id='word_1_207' title='bbox 1292 3596 1574 3684; x_wconf 87' lang='lat' dir='ltr'>Spiritui</span> <span class='ocrx_word' id='word_1_208' title='bbox 1630 3596 1891 3675; x_wconf 86' lang='lat' dir='ltr'>Sanct0‚</span> <span class='ocrx_word' id='word_1_209' title='bbox 1942 3618 2058 3682; x_wconf 87' lang='lat' dir='ltr'>per</span> <span class='ocrx_word' id='word_1_210' title='bbox 2111 3597 2335 3662; x_wconf 88' lang='lat' dir='ltr'>omnia</span> <span class='ocrx_word' id='word_1_211' title='bbox 2386 3597 2625 3663; x_wconf 76' lang='lat' dir='ltr'>saeeula</span> <span class='ocrx_word' id='word_1_212' title='bbox 2670 3595 2937 3662; x_wconf 73' lang='lat' dir='ltr'>saeculo-</span> 
     </span>
     <span class='ocr_line' id='line_1_28' title="bbox 831 3698 1299 3773; baseline 0 -12"><span class='ocrx_word' id='word_1_213' title='bbox 831 3718 996 3773; x_wconf 86' lang='lat' dir='ltr'>rum,</span> <span class='ocrx_word' id='word_1_214' title='bbox 1042 3698 1257 3763; x_wconf 87' lang='lat' dir='ltr'>Amen</span> <span class='ocrx_word' id='word_1_215' title='bbox 1288 3705 1299 3761; x_wconf 71' lang='grc' dir='ltr'><strong>Ξ</strong></span> 
     </span>
    </p>
   </div>
   <div class='ocr_carea' id='block_1_3' title="bbox 877 3853 2899 4043">
    <p class='ocr_par' dir='ltr' id='par_1_4' title="bbox 877 3853 2899 4043">
     <span class='ocr_line' id='line_1_29' title="bbox 877 3853 2899 3943; baseline 0.003 -27"><span class='ocrx_word' id='word_1_216' title='bbox 877 3853 1178 3941; x_wconf 64' lang='lat' dir='ltr'>Explicit</span> <span class='ocrx_word' id='word_1_217' title='bbox 1223 3855 1367 3923; x_wconf 67' lang='lat' dir='ltr'>vita</span> <span class='ocrx_word' id='word_1_218' title='bbox 1410 3856 1826 3923; x_wconf 64' lang='lat' dir='ltr'>sanctissimi</span> <span class='ocrx_word' id='word_1_219' title='bbox 1878 3856 2264 3943; x_wconf 67' lang='lat' dir='ltr'>confessoris</span> <span class='ocrx_word' id='word_1_220' title='bbox 2311 3863 2507 3942; x_wconf 66' lang='lat' dir='ltr'>atque</span> <span class='ocrx_word' id='word_1_221' title='bbox 2549 3853 2899 3943; x_wconf 67' lang='lat' dir='ltr'>pontfficis</span> 
     </span>
     <span class='ocr_line' id='line_1_30' title="bbox 1571 3955 2203 4043; baseline -0.005 -20"><span class='ocrx_word' id='word_1_222' title='bbox 1571 3957 1822 4023; x_wconf 65' lang='lat' dir='ltr'>Christi</span> <span class='ocrx_word' id='word_1_223' title='bbox 1878 3955 2203 4043; x_wconf 64' lang='lat' dir='ltr'>Wilfriczi.</span> 
     </span>
    </p>
   </div>
   <div class='ocr_carea' id='block_1_4' title="bbox 899 4224 2783 4293">
    <p class='ocr_par' dir='ltr' id='par_1_5' title="bbox 899 4224 2783 4293">
     <span class='ocr_line' id='line_1_31' title="bbox 899 4224 2783 4293; baseline 0.002 -21"><span class='ocrx_word' id='word_1_224' title='bbox 899 4224 914 4257; x_wconf 81' lang='lat'>¹</span> <span class='ocrx_word' id='word_1_225' title='bbox 952 4225 1258 4290; x_wconf 78' lang='lat' dir='ltr'>reverenter]</span> <span class='ocrx_word' id='word_1_226' title='bbox 1288 4240 1389 4276; x_wconf 89' lang='lat' dir='ltr'>om.</span> <span class='ocrx_word' id='word_1_227' title='bbox 1413 4226 1483 4276; x_wconf 88' lang='lat' dir='ltr'>A.</span> <span class='ocrx_word' id='word_1_228' title='bbox 1506 4225 1569 4275; x_wconf 91' lang='lat' dir='ltr'>B.</span> <span class='ocrx_word' id='word_1_229' title='bbox 1853 4229 1862 4293; x_wconf 64' lang='grc'>1</span> <span class='ocrx_word' id='word_1_230' title='bbox 2010 4226 2033 4259; x_wconf 87' lang='lat'><em>²</em></span> <span class='ocrx_word' id='word_1_231' title='bbox 2065 4226 2418 4293; x_wconf 73' lang='lat' dir='ltr'>adjiciendum]</span> <span class='ocrx_word' id='word_1_232' title='bbox 2448 4241 2578 4289; x_wconf 86' lang='lat' dir='ltr'>esse,</span> <span class='ocrx_word' id='word_1_233' title='bbox 2600 4228 2692 4278; x_wconf 72' lang='lat' dir='ltr'>ins.</span> <span class='ocrx_word' id='word_1_234' title='bbox 2714 4226 2783 4276; x_wconf 84' lang='lat' dir='ltr'>A.</span> 
     </span>
    </p>
   </div>
   <div class='ocr_carea' id='block_1_5' title="bbox 3596 9 3600 528">
    <p class='ocr_par' dir='ltr' id='par_1_6' title="bbox 3596 9 3600 528">
     <span class='ocr_line' id='line_1_32' title="bbox 3596 9 3600 528; baseline 0 0"><span class='ocrx_word' id='word_1_235' title='bbox 3596 9 3600 528; x_wconf 95' lang='lat' dir='ltr'> </span> 
     </span>
    </p>
   </div>
   <div class='ocr_carea' id='block_1_6' title="bbox 3597 4688 3600 5786">
    <p class='ocr_par' dir='ltr' id='par_1_7' title="bbox 3597 4688 3600 5786">
     <span class='ocr_line' id='line_1_33' title="bbox 3597 4688 3600 5786; baseline 0 0"><span class='ocrx_word' id='word_1_236' title='bbox 3597 4688 3600 5786; x_wconf 95' lang='lat' dir='ltr'> </span> 
     </span>
    </p>
   </div>
  </div>
 </body>
</html>
