3600 5800
867 832 998 896 388
1348 844 1633 895 cmm<
1679 846 1773 895 DE
1819 848 2314 921 PomrlcOEUS,
2364 847 2505 897 nro,

865 1029 1059 1106 Actu,
1104 1034 1344 1107 mente,
1390 1029 1521 1095 fide
1566 1036 1872 1096 veterum
1918 1031 2206 1117 vestigia
2249 1036 2535 1117 patrum,

867 1129 1141 1216 Semper
1185 1129 1346 1196 dum
1390 1130 1584 1208 vixit,
1633 1131 1886 1198 directo
1931 1139 2036 1198 est
2079 1132 2243 1199 ealle
2288 1138 2566 1199 secutus.

868 1230 1093 1317 Hujus
1134 1232 1282 1299 vita
1326 1233 1594 1319 quidem
1640 1234 1858 1319 qualis
1902 1234 2035 1300 fuit
2080 1241 2237 1301 ante
2283 1234 2602 1323 magistri,

788 1379 795 1384 -
869 1332 1065 1399 Claro
1109 1339 1262 1420 post
1304 1335 1561 1401 obitum
1606 1337 1795 1421 signo
1842 1339 1945 1401 est
1987 1335 2320 1422 patefacta
2363 1335 2614 1450 salutis.
2799 1336 2882 1398 13
2897 1336 2976 1396 15

533 1634 589 1686 A
610 1632 778 1685 notice

533 1699 593 1750 of
612 1700 688 1752 St.
710 1700 832 1752 Bal-

535 1766 676 1817 ther.

866 1434 1068 1520 AEger
1110 1435 1289 1500 enim
1334 1436 1605 1521 quidam
1650 1437 1860 1522 patris
1906 1436 2065 1501 dum
2111 1436 2402 1523 cingitur
2445 1435 2606 1502 almi

868 1534 1236 1621 Relliquiis,
1281 1537 1550 1622 penitus
1595 1543 1780 1624 peste
1828 1542 1930 1603 est
1974 1543 2249 1604 sanatus
2294 1538 2381 1604 ab
2425 1537 2558 1604 illa.

959 1636 1052 1703 Te
1097 1658 1358 1723 quoque
1402 1637 1620 1705 Pierio
1664 1644 2030 1725 tangentes,
2080 1637 2437 1721 Balthere,¹
2483 1638 2749 1726 plectr0‚

871 1738 961 1804 Et
1005 1738 1146 1816 tibi,
1194 1745 1435 1817 sancte,
1481 1740 1700 1807 locum
1743 1740 1990 1807 nostris
2040 1741 2113 1805 in
2159 1741 2461 1807 versibus
2507 1740 2714 1807 istum

871 1840 1227 1927 signantes
1270 1841 1575 1927 petimus,
1620 1842 1881 1930 placida
1925 1849 2003 1908 tu
2048 1848 2271 1909 mente
2318 1847 2559 1921 tenet0,
2797 1842 2975 1905 1320

870 1941 963 2007 Et
1004 1964 1157 2030 rege
1202 1964 1382 2011 nunc
1424 1949 1717 2011 nostram
1763 1945 1984 2032 pelagi
2028 1967 2147 2031 per
2191 1945 2435 2013 caerula
2478 1943 2786 2031 cymbam

870 2044 1059 2111 Inter
1102 2052 1396 2113 monstra
1442 2048 1661 2126 maris,
1708 2047 2082 2134 scopulosas
2127 2048 2303 2115 inter
2348 2054 2419 2115 et
2463 2049 2694 2126 undae,

868 2147 973 2213 Ut
1014 2148 1226 2235 possit
1268 2152 1535 2235 portum
1580 2154 1853 2235 portans
1896 2150 2228 2238 attingere
2273 2156 2516 2218 tutum.

960 2249 1084 2315 Est
1125 2249 1307 2319 locus
1353 2252 1607 2318 undoso
1652 2252 2099 2319 circumdatus
2144 2253 2439 2340 undique
2484 2257 2705 2340 ponte,

869 2350 1175 2438 Rupibus
1219 2352 1580 2432 horrendis,
1625 2360 1965 2441 praerupto
2010 2360 2078 2420 et
2120 2355 2417 2443 margine
2462 2358 2707 2442 septae,
2802 2353 2973 2418 1325

871 2453 956 2518 In
1001 2475 1133 2541 quo
1178 2455 1570 2542 bellipotens
1615 2460 1877 2522 terreno
1921 2456 1995 2520 in
2040 2477 2304 2544 corpore
2349 2456 2539 2523 miles

873 2554 1136 2641 Saepius
1181 2556 1393 2622 aerias
1436 2557 1749 2623 vincebat
1793 2557 2104 2624 Balthere
2152 2564 2420 2637 turmas,

874 2655 1040 2736 Quae
1084 2654 1212 2721 sibi
1257 2656 1672 2723 multimodis
1717 2659 2072 2725 variabant
2116 2657 2292 2726 bella
2334 2659 2579 2746 figuris.

873 2757 1007 2837 Qui
1051 2763 1278 2823 tamen
1323 2758 1695 2845 intrepidus
1738 2759 2012 2825 hostilia
2055 2766 2271 2827 castra
2315 2762 2541 2840 relisit,

872 2856 1033 2925 Tela
1074 2857 1531 2944 malignorum,
1577 2880 1835 2945 semper
1879 2861 2088 2927 crucis
2132 2881 2319 2928 arma
2361 2861 2596 2927 beatus
2804 2864 2982 2928 1330

872 2957 1161 3046 Belliger
1205 2981 1558 3046 opponens,
1602 2960 1861 3047 galeam
1904 2967 2298 3048 scutumque
2342 2963 2514 3029 fidei.

872 3060 997 3126 Vir
1038 3062 1189 3147 pius
1233 3060 1347 3127 ille
1391 3061 1661 3147 quidem
1707 3063 1994 3148 quodam
2039 3063 2199 3129 dum
2245 3070 2539 3151 tempore
2585 3063 2764 3130 solus

876 3163 1195 3230 Incubuit
1236 3163 1559 3251 precibus,
1605 3165 1935 3231 meditans
1980 3165 2271 3233 caelestia
2315 3173 2598 3246 tantum,

878 3264 1283 3332 Horribilem
1327 3265 1550 3332 subito
1594 3266 1948 3353 strepitum
1994 3268 2193 3334 simul
2237 3274 2440 3355 atque
2482 3269 2806 3357 fragorem

876 3366 1180 3447 Audivit,
1225 3367 1439 3434 veluti
1482 3368 1672 3456 vulgi
1717 3371 2122 3456 erumpentis
2166 3372 2240 3436 in
2283 3371 2520 3440 hostes.
2812 3375 2983 3440 1335

541 3480 625 3531 He
646 3491 852 3530 renones
876 3468 1065 3536 Tunc
1106 3470 1331 3536 anima
1373 3492 1458 3536 ex
1504 3471 1757 3557 superis
1801 3471 2147 3558 cujusdam
2191 3473 2481 3540 nubibus
2526 3476 2668 3562 ejus

538 3561 574 3597 a
596 3546 708 3596 soul

542 3612 767 3678 pursued

540 3680 613 3744 by
635 3678 737 3728 evil

543 3743 731 3809 spirits.

876 3572 1057 3637 Ante
1102 3571 1302 3657 pedes
1345 3572 1612 3650 cecedit,
1658 3572 1868 3640 nimio
1912 3575 2297 3644 tremefacta
2341 3577 2614 3658 timore;

880 3674 1098 3755 Quam
1141 3695 1301 3740 mox
1346 3673 1547 3740 turba
1588 3675 1822 3741 minax
1863 3677 2123 3764 ingenti
2166 3677 2434 3745 horrore
2479 3685 2706 3747 secuta
2748 3685 2864 3760 est,

881 3775 1048 3841 Cum
1098 3775 1303 3841 variis
1348 3776 1656 3842 miseram
1700 3777 1918 3863 poenis
1962 3783 2268 3865 torquere
2313 3780 2673 3849 volentum.

877 3877 976 3944 At
1018 3881 1208 3965 pater
1251 3878 1361 3944 ille
1406 3878 1557 3965 pius
1600 3879 1876 3966 placidis
1919 3880 2336 3968 amplexibus
2380 3882 2566 3949 illam
2810 3887 2989 3952 1340

880 3978 1188 4066 ,Arripuit
1229 3979 1497 4067 gremio,
1544 3979 1904 4067 statimque
1950 3981 2232 4070 inquirit
2274 3982 2361 4051 ab
2406 3983 2541 4064 illa,

852 4080 1050 4163 ⁴Quae
1112 4086 1299 4162 esset,
1346 4102 1463 4148 cur
1513 4080 1789 4168 fugeret,
1835 4082 2082 4151 faceret
2132 4085 2244 4151 vel
2302 4107 2452 4172 quae
2520 4085 2748 4154 mala?
2860 4086 2991 4155 Oui

1060 4187 1223 4250 tunc

879 4283 1289 4372 Respondit:
1339 4291 1373 4319 “
1402 4284 1642 4351 Levita
1685 4284 1800 4364 fui,
1848 4287 1966 4351 sed
2009 4293 2232 4355 mente
2275 4289 2571 4378 maligna

882 4393 919 4422 “
963 4385 1278 4453 Feminea
1319 4386 1668 4473 amplexus
1712 4387 2022 4455 manibus
2067 4411 2215 4455 sum
2258 4396 2528 4478 pectora
2570 4397 2855 4473 tantum,

951 4653 967 4688 ¹
1004 4655 1216 4708 Balther
1246 4652 1293 4706 is
1326 4654 1414 4707 the
1448 4670 1589 4707 same
1619 4670 1678 4707 as
1710 4654 1950 4709 Baldred.
2020 4656 2120 4711 See
2157 4657 2340 4726 bishop
2374 4660 2586 4713 Forbes’
2623 4660 2904 4715 Calendam
2939 4660 3000 4713 of

883 4733 972 4786 the
996 4731 1220 4788 Scottinh
1243 4733 1471 4797 Chul-ch,
1494 4737 1609 4788 274.
