3600 5800
1345 832 1395 877 s.
1443 829 1791 879 Jomms
1839 831 2157 880 Erlscom.
2671 814 2810 884 307

691 1021 760 1081 et
802 1017 1243 1103 compedibus,
1292 1018 1408 1102 qui
1475 1018 1816 1084 multoties
1859 1018 2121 1084 liberati
2186 1018 2273 1109 ad
2303 1068 2310 1073 .
2337 1016 2568 1084 Sancti
2631 1039 2799 1104 prae-

691 1119 896 1183 sentis
941 1118 1292 1204 confugere
1338 1140 1581 1205 pacem.

782 1220 961 1300 Quid
1004 1221 1247 1307 plura?
1290 1222 1612 1307 prolixius
1656 1228 1919 1308 tempus
1948 1244 2054 1288 me
2098 1223 2439 1301 detineret,
2471 1223 2529 1287 si
2574 1223 2799 1309 singu-

689 1320 789 1386 las
832 1323 1245 1409 captivorum
1289 1346 1407 1409 per
1450 1325 1688 1390 merita
1733 1324 1962 1391 Sancti
2007 1324 2052 1390 J
2054 1324 2333 1397 ohannis
2377 1324 2797 1390 liberationes

686 1430 1003 1490 annotare
1064 1425 1346 1505 vellem3
1407 1425 1516 1492 vel
1582 1448 1745 1512 quos
1791 1448 1913 1513 ego
1974 1427 2116 1492 vidi
2129 1427 2160 1507 '3
2226 1426 2338 1491 vel
2401 1426 2482 1491 de
2551 1428 2793 1512 quibus

690 1525 856 1590 mihi
928 1527 1325 1605 retulenmt,
1382 1527 1498 1612 qui
1560 1532 1629 1592 et
1690 1529 1821 1614 ipsi
1884 1528 2033 1593 illos
2077 1529 2409 1605 viderunt,
2457 1533 2526 1592 et
2587 1529 2792 1592 simili

688 1629 882 1695 modo
956 1629 1266 1696 liberatos
1341 1630 1698 1697 certissime
1772 1637 2119 1697 noverunt.
2214 1631 2391 1696 Nam
2468 1637 2632 1716 quot
2706 1631 2788 1696 de

685 1731 954 1798 castello
1014 1731 1290 1810 Drifeld,
1354 1752 1433 1798 ac
1495 1732 1577 1797 de
1639 1733 1896 1798 caeteris
1957 1733 2443 1799 munitionibus
2487 1732 2612 1797 vel‘
2643 1754 2786 1799 cus-
2815 1739 3078 1807 Fnzgitives

687 1834 887 1899 todiis
962 1834 1228 1920 captivi,
1304 1856 1421 1919 per
1495 1835 1746 1913 merita,
1809 1856 2063 1901 necnon
2124 1857 2241 1921 per
2302 1835 2785 1901 invocationem
2812 1806 3130 1928 &3¹35ss

689 1935 916 2002 Sancti
994 1936 1039 2002 J
1041 1936 1318 2002 ohannis
1394 1937 1615 2004 educti
1706 1937 2100 2015 referuntur,
2192 1938 2606 2005 fastidiosum
2683 1944 2786 2004 est

689 2059 1006 2105 enarrare.

690 2369 967 2454 [Puella
1011 2370 1339 2458 quendam,
1371 2369 1687 2437 membmls
1730 2376 2087 2451 commeta,
2120 2369 2417 2437 sanitati
2463 2369 2784 2455 redemta]

777 2555 1079 2636 Quodam
1107 2562 1400 2643 tempore
1431 2556 1728 2642 contigit,
1774 2556 1952 2641 quod
1997 2556 2300 2641 quaedam
2331 2555 2552 2642 puella
2581 2580 2786 2622 mem·
2816 2563 2867 2643 Δ,
2893 2566 3027 2644 laque

686 2658 821 2723 bris
851 2663 1202 2737 contracta,
1235 2658 1555 2743 flexisque
1598 2657 1964 2743 poplitibus
2008 2680 2364 2723 nervorum
2431 2663 2652 2725 tractu
2696 2660 2784 2726 ad
2815 2632 3039 2765 {ffug'ht
3059 2705 3112 2751 to

684 2758 1111 2825 Beverlacum
1141 2759 1430 2826 adducta
1458 2759 1689 2824 fuerat.
1754 2759 1935 2836 Haec,
1966 2758 2126 2844 quia
2154 2781 2570 2845 nequaquam
2600 2761 2784 2847 pedi-
2814 2763 3079 2832 Beverley.

682 2862 805 2928 bus
844 2862 1143 2931 incedere
1183 2862 1423 2942 valuit,
1470 2862 1793 2949 reptando
1837 2861 2148 2942 manibus
2212 2868 2281 2929 et
2342 2863 2639 2950 genibu8‚
2704 2870 2785 2931 ut

678 2971 954 3052 poterat,
980 2987 1049 3032 se
1078 2965 1428 3053 promovit.
1493 2964 1797 3044 Quadam
1845 2965 1960 3030 die
2006 2986 2157 3030 cum
2188 2965 2458 3030 domum
2490 2966 2785 3046 redirem,

680 3068 1257 3155 interrogavenmt
1323 3088 1431 3132 me
1489 3067 1622 3132 mei
1684 3072 2007 3152 parentes,
2079 3067 2136 3131 si
2200 3089 2321 3153 ego
2368 3089 2786 3153 agnoscerem

680 3171 969 3255 puellam
998 3169 1308 3235 membris
1338 3172 1757 3244 contractam,
1783 3168 2047 3232 solitam
2070 3168 2365 3233 ostiatim
2396 3170 2786 3238 mendicare.

685 3270 941 3350 Quibus
988 3293 1137 3338 cum
1182 3269 1641 3354 responderem
1707 3290 1815 3333 me
1875 3268 2058 3333 illam
2103 3269 2377 3334 minime
2422 3273 2784 3355 agnovisse,

682 3373 1097 3439 mirabantur
1125 3371 1303 3456 quod
1334 3392 1468 3435 non
1498 3371 1588 3435 sit
1616 3392 1660 3435 a
1688 3391 1794 3434 me
1823 3370 2071 3456 agnita,
2104 3391 2255 3435 cum
2285 3371 2537 3455 optime
2583 3394 2783 3460 agno-

682 3479 972 3541 sceretur
1015 3496 1059 3539 a
1102 3472 1604 3558 quampluribus
1648 3472 1997 3557 utriusque
2043 3493 2240 3537 sexus
2272 3496 2289 3552 ;
2333 3473 2781 3561 dixeruntque

681 3577 864 3642 illam
910 3576 1036 3641 sibi
1082 3576 1249 3641 bene
1293 3575 1625 3660 cognitam
1671 3579 1740 3638 et
1783 3573 2193 3652 familiarem,
2240 3575 2368 3640 sibi
2414 3598 2588 3662 saepe
2631 3578 2785 3643 soli-

682 3686 822 3745 tam
888 3677 1188 3763 colloqui,
1252 3697 1502 3761 suaque
1564 3674 1981 3741 incommoda
2045 3674 2390 3742 humiliter
2464 3699 2780 3747 enarrare.

682 3782 981 3866 Cumque
1057 3801 1178 3865 ego
1253 3779 1743 3864 interrogarem,
1791 3777 1957 3862 quid
2022 3782 2246 3844 actum
2323 3785 2496 3845 esset
2539 3782 2621 3846 de
2685 3804 2780 3860 ea,
2805 3789 2921 3841 The
2942 3807 3032 3855 po,-

678 3881 1171 3970 responderunt,
1234 3881 1411 3965 quod
1456 3880 1741 3966 quadam
1786 3879 1897 3945 die
1942 3901 2092 3945 cum
2138 3880 2431 3946 redirent
2494 3882 2577 3948 de
2643 3906 2782 3951 mo·
2805 3857 3120 3975 ξξξξζξξὲἓθ

676 3985 983 4062 nasterio,
1012 3984 1329 4050 viderunt
1371 3982 1716 4069 praefatam
1748 3982 2040 4068 puellam
2086 3987 2390 4061 stantem,
2439 3989 2509 4049 et
2552 3984 2782 4056 lavan-
2807 3990 3122 4067 perbathing

677 4095 814 4154 tem
860 4110 929 4154 se
996 4088 1070 4152 in
1130 4087 1278 4153 lacu
1322 4085 1652 4152 defluente
1699 4091 1892 4151 extra
1937 4085 2402 4151 coemeterium.
2497 4087 2588 4153 Et
2631 4110 2780 4155 cum
2808 4072 2863 4106 ¹¹¹
2881 4056 2969 4108 ὼε
2985 4058 3119 4109 lake.

676 4191 1076 4267 haesitarent,
1142 4211 1232 4255 an
1304 4188 1423 4253 illa
1465 4192 1637 4253 esset
1691 4209 1840 4272 quae
1900 4188 2085 4274 prius
2143 4187 2363 4254 fuerat
2428 4195 2780 4272 contracta,

676 4295 1250 4380 interrogaverunt
1323 4313 1469 4357 eam
1513 4289 1867 4356 veritatem
1897 4289 2007 4354 rei.
2102 4288 2267 4369 Quae
2312 4294 2652 4377 respondit
2712 4316 2782 4359 se

677 4396 964 4483 puellam
1023 4395 1224 4460 fuisse
1298 4394 1498 4472 illam,
1560 4415 1709 4479 quae
1783 4392 1968 4478 prius
2041 4393 2352 4459 membris
2443 4402 2781 4464 contracta

674 4501 908 4579 fuerat,
971 4504 1039 4564 et
1115 4497 1409 4564 ostiatim
1484 4496 1857 4562 mendicare
1931 4494 2355 4581 aliquamdiu,
2401 4503 2483 4563 ut
2556 4499 2777 4584 plures

675 4603 998 4682 viderant,
1060 4601 1324 4667 solebat.
1449 4599 1801 4665 Asserebat
1874 4620 1944 4664 se
2019 4604 2302 4665 erectam
2392 4606 2462 4667 et
2550 4624 2780 4670 sanam
2807 4607 2910 4661 She
2935 4609 3052 4661 tells

644 4707 919 4774 -factam
963 4705 1090 4771 Dei
1135 4704 1353 4791 gratia
1398 4707 1468 4767 et
1513 4701 1741 4767 Sancti
1787 4700 1833 4766 J
1834 4700 2115 4766 ohannis
2159 4703 2431 4780 meritis,
2477 4710 2558 4770 ut
2604 4713 2780 4773 recte
2805 4675 3055 4795 ffissmhffl
3054 4683 3075 4727 t

2373 4823 2424 4872 U
2472 4810 2512 4871 2
