<?xml version="1.0" encoding="UTF-8"?>
<!DOCTYPE html PUBLIC "-//W3C//DTD XHTML 1.0 Transitional//EN"
    "http://www.w3.org/TR/xhtml1/DTD/xhtml1-transitional.dtd">
<html xmlns="http://www.w3.org/1999/xhtml" xml:lang="en" lang="en">
 <head>
  <title>
</title>
<meta http-equiv="Content-Type" content="text/html;charset=utf-8" />
  <meta name='ocr-system' content='tesseract 3.04.00' />
  <meta name='ocr-capabilities' content='ocr_page ocr_carea ocr_par ocr_line ocrx_word'/>
</head>
<body>
  <div class='ocr_page' id='page_1' title='image "./historianschurc01raingoog_0518.png"; bbox 0 0 3600 5800; ppageno 0'>
   <div class='ocr_carea' id='block_1_1' title="bbox 865 823 2329 900">
    <p class='ocr_par' dir='ltr' id='par_1_1' title="bbox 865 823 2329 900">
     <span class='ocr_line' id='line_1_1' title="bbox 865 823 2329 900; baseline -0.002 -14"><span class='ocrx_word' id='word_1_1' title='bbox 865 823 997 886; x_wconf 80' lang='lat'><strong>422</strong></span> <span class='ocrx_word' id='word_1_2' title='bbox 1496 835 1662 885; x_wconf 76' lang='lat' dir='ltr'><strong>vrrA</strong></span> <span class='ocrx_word' id='word_1_3' title='bbox 1706 835 1952 886; x_wconf 72' lang='lat' dir='ltr'><strong>sANcrn</strong></span> <span class='ocrx_word' id='word_1_4' title='bbox 2000 834 2329 900; x_wconf 76' lang='lat' dir='ltr'><strong>oswALm,</strong></span> 
     </span>
    </p>
   </div>
   <div class='ocr_carea' id='block_1_2' title="bbox 529 1022 2983 4683">
    <p class='ocr_par' dir='ltr' id='par_1_2' title="bbox 529 1022 2983 4683">
     <span class='ocr_line' id='line_1_2' title="bbox 865 1022 2976 1110; baseline 0 -22"><span class='ocrx_word' id='word_1_5' title='bbox 865 1043 1125 1110; x_wconf 90' lang='lat' dir='ltr'><strong>quoque</strong></span> <span class='ocrx_word' id='word_1_6' title='bbox 1169 1022 1472 1090; x_wconf 85' lang='lat' dir='ltr'><strong>claritate</strong></span> <span class='ocrx_word' id='word_1_7' title='bbox 1532 1029 1692 1089; x_wconf 91' lang='lat' dir='ltr'><strong>sunt</strong></span> <span class='ocrx_word' id='word_1_8' title='bbox 1750 1025 1970 1091; x_wconf 85' lang='lat' dir='ltr'><strong>ornati</strong></span> <span class='ocrx_word' id='word_1_9' title='bbox 2030 1023 2498 1094; x_wconf 74' lang='lat' dir='ltr'><strong>inedicibiliter</strong></span> <span class='ocrx_word' id='word_1_10' title='bbox 2555 1023 2976 1091; x_wconf 75' lang='lat' dir='ltr'><strong>admirabiles</strong></span> 
     </span>
     <span class='ocr_line' id='line_1_3' title="bbox 868 1125 2976 1214; baseline 0 -23"><span class='ocrx_word' id='word_1_11' title='bbox 868 1125 1135 1191; x_wconf 83' lang='lat' dir='ltr'><strong>Christi.</strong></span> <span class='ocrx_word' id='word_1_12' title='bbox 1227 1126 1416 1191; x_wconf 84' lang='lat' dir='ltr'><strong>Inter</strong></span> <span class='ocrx_word' id='word_1_13' title='bbox 1475 1148 1638 1212; x_wconf 91' lang='lat' dir='ltr'><strong>quos</strong></span> <span class='ocrx_word' id='word_1_14' title='bbox 1699 1126 1847 1194; x_wconf 92' lang='lat' dir='ltr'><strong>luce</strong></span> <span class='ocrx_word' id='word_1_15' title='bbox 1905 1126 2163 1205; x_wconf 87' lang='lat' dir='ltr'><strong>clarius,</strong></span> <span class='ocrx_word' id='word_1_16' title='bbox 2221 1148 2459 1214; x_wconf 91' lang='lat' dir='ltr'><strong>supero</strong></span> <span class='ocrx_word' id='word_1_17' title='bbox 2518 1126 2679 1195; x_wconf 82' lang='lat' dir='ltr'><strong>caelo</strong></span> <span class='ocrx_word' id='word_1_18' title='bbox 2739 1127 2976 1194; x_wconf 85' lang='lat' dir='ltr'><strong>celsius</strong></span> 
     </span>
     <span class='ocr_line' id='line_1_4' title="bbox 866 1228 2974 1317; baseline 0 -23"><span class='ocrx_word' id='word_1_19' title='bbox 866 1228 1157 1307; x_wconf 87' lang='lat' dir='ltr'><strong>emicuit,</strong></span> <span class='ocrx_word' id='word_1_20' title='bbox 1201 1229 1443 1308; x_wconf 89' lang='lat' dir='ltr'><strong>floruit,</strong></span> <span class='ocrx_word' id='word_1_21' title='bbox 1494 1231 1883 1316; x_wconf 72' lang='lat' dir='ltr'><strong>percrebuit,</strong></span> <span class='ocrx_word' id='word_1_22' title='bbox 1930 1230 2281 1298; x_wconf 90' lang='lat' dir='ltr'><strong>incanduit</strong></span> <span class='ocrx_word' id='word_1_23' title='bbox 2322 1235 2514 1317; x_wconf 88' lang='lat' dir='ltr'><strong>pater</strong></span> <span class='ocrx_word' id='word_1_24' title='bbox 2557 1230 2974 1311; x_wconf 87' lang='lat' dir='ltr'><strong>Benedictus,</strong></span> 
     </span>
     <span class='ocr_line' id='line_1_5' title="bbox 867 1330 2978 1418; baseline 0.001 -23"><span class='ocrx_word' id='word_1_25' title='bbox 867 1330 1057 1416; x_wconf 87' lang='lat' dir='ltr'><strong>cujus</strong></span> <span class='ocrx_word' id='word_1_26' title='bbox 1130 1351 1316 1398; x_wconf 85' lang='lat' dir='ltr'><strong>sacra</strong></span> <span class='ocrx_word' id='word_1_27' title='bbox 1390 1353 1538 1398; x_wconf 89' lang='lat' dir='ltr'><strong>ossa</strong></span> <span class='ocrx_word' id='word_1_28' title='bbox 1612 1337 1764 1418; x_wconf 88' lang='lat' dir='ltr'><strong>post</strong></span> <span class='ocrx_word' id='word_1_29' title='bbox 1838 1331 2127 1398; x_wconf 90' lang='lat' dir='ltr'><strong>multum</strong></span> <span class='ocrx_word' id='word_1_30' title='bbox 2202 1332 2519 1418; x_wconf 89' lang='lat' dir='ltr'><strong>temporis</strong></span> <span class='ocrx_word' id='word_1_31' title='bbox 2580 1332 2873 1418; x_wconf 90' lang='lat' dir='ltr'><strong>spatium</strong></span> <span class='ocrx_word' id='word_1_32' title='bbox 2933 1353 2978 1398; x_wconf 91' lang='lat' dir='ltr'><strong>a</strong></span> 
     </span>
     <span class='ocr_line' id='line_1_6' title="bbox 532 1431 2978 1521; baseline 0.003 -28"><span class='ocrx_word' id='word_1_33' title='bbox 532 1443 645 1521; x_wconf 61' lang='lat' dir='ltr'><strong>&#39;rhp</strong></span> <span class='ocrx_word' id='word_1_34' title='bbox 667 1450 829 1495; x_wconf 80' lang='lat' dir='ltr'><strong>trans-</strong></span> <span class='ocrx_word' id='word_1_35' title='bbox 871 1431 1101 1498; x_wconf 88' lang='lat' dir='ltr'><strong>Monte</strong></span> <span class='ocrx_word' id='word_1_36' title='bbox 1146 1431 1421 1499; x_wconf 84' lang='lat' dir='ltr'><strong>Cassino</strong></span> <span class='ocrx_word' id='word_1_37' title='bbox 1464 1455 1582 1520; x_wconf 89' lang='lat' dir='ltr'><strong>per</strong></span> <span class='ocrx_word' id='word_1_38' title='bbox 1639 1434 2018 1520; x_wconf 88' lang='lat' dir='ltr'><strong>religiosum</strong></span> <span class='ocrx_word' id='word_1_39' title='bbox 2082 1434 2302 1499; x_wconf 83' lang='lat' dir='ltr'><strong>virum</strong></span> <span class='ocrx_word' id='word_1_40' title='bbox 2346 1433 2693 1520; x_wconf 80' lang='lat' dir='ltr'><strong>Agiulfum</strong></span> <span class='ocrx_word' id='word_1_41' title='bbox 2755 1434 2978 1500; x_wconf 85' lang='lat' dir='ltr'><strong>delata</strong></span> 
     </span>
     <span class='ocr_line' id='line_1_7' title="bbox 529 1509 2977 1627; baseline 0.001 -28"><span class='ocrx_word' id='word_1_42' title='bbox 529 1509 829 1627; x_wconf 49' lang='lat' dir='ltr'><strong>Ifflffidift’s</strong></span> <span class='ocrx_word' id='word_1_43' title='bbox 870 1538 1031 1599; x_wconf 90' lang='lat' dir='ltr'><strong>sunt</strong></span> <span class='ocrx_word' id='word_1_44' title='bbox 1088 1534 1176 1599; x_wconf 89' lang='lat' dir='ltr'><strong>ad</strong></span> <span class='ocrx_word' id='word_1_45' title='bbox 1221 1534 1705 1621; x_wconf 86' lang='lat' dir='ltr'><strong>Francigenum</strong></span> <span class='ocrx_word' id='word_1_46' title='bbox 1749 1556 2049 1622; x_wconf 90' lang='lat' dir='ltr'><strong>regnum,</strong></span> <span class='ocrx_word' id='word_1_47' title='bbox 2096 1541 2165 1601; x_wconf 90' lang='lat' dir='ltr'><strong>et</strong></span> <span class='ocrx_word' id='word_1_48' title='bbox 2209 1536 2282 1600; x_wconf 94' lang='lat' dir='ltr'><strong>in</strong></span> <span class='ocrx_word' id='word_1_49' title='bbox 2342 1536 2589 1602; x_wconf 88' lang='lat' dir='ltr'><strong>eximio</strong></span> <span class='ocrx_word' id='word_1_50' title='bbox 2636 1536 2977 1604; x_wconf 88' lang='lat' dir='ltr'><strong>recondita</strong></span> 
     </span>
     <span class='ocr_line' id='line_1_8' title="bbox 532 1636 2977 1725; baseline 0.001 -24"><span class='ocrx_word' id='word_1_51' title='bbox 532 1642 754 1692; x_wconf 79' lang='lat' dir='ltr'><strong>remains</strong></span> <span class='ocrx_word' id='word_1_52' title='bbox 779 1651 832 1693; x_wconf 81' lang='lat' dir='ltr'><strong>to</strong></span> <span class='ocrx_word' id='word_1_53' title='bbox 870 1636 1283 1717; x_wconf 74' lang='lat' dir='ltr'><strong>monasterio,</strong></span> <span class='ocrx_word' id='word_1_54' title='bbox 1345 1639 1524 1724; x_wconf 91' lang='lat' dir='ltr'><strong>quod</strong></span> <span class='ocrx_word' id='word_1_55' title='bbox 1599 1637 1847 1703; x_wconf 88' lang='lat' dir='ltr'><strong>dicitur</strong></span> <span class='ocrx_word' id='word_1_56' title='bbox 1938 1637 2288 1705; x_wconf 71' lang='lat' dir='ltr'><strong>Florianus,</strong></span> <span class='ocrx_word' id='word_1_57' title='bbox 2406 1637 2621 1719; x_wconf 80' lang='lat' dir='ltr'><strong>Quam</strong></span> <span class='ocrx_word' id='word_1_58' title='bbox 2694 1637 2977 1725; x_wconf 85' lang='lat' dir='ltr'><strong>gloriose</strong></span> 
     </span>
     <span class='ocr_line' id='line_1_9' title="bbox 534 1709 2977 1841; baseline 0.001 -38"><span class='ocrx_word' id='word_1_59' title='bbox 534 1709 777 1841; x_wconf 44' lang='grc' dir='ltr'><strong>ξιέἳζι.</strong></span> <span class='ocrx_word' id='word_1_60' title='bbox 870 1739 981 1805; x_wconf 90' lang='grc'><strong>1116</strong></span> <span class='ocrx_word' id='word_1_61' title='bbox 1025 1740 1389 1825; x_wconf 86' lang='lat' dir='ltr'><strong>praelucens</strong></span> <span class='ocrx_word' id='word_1_62' title='bbox 1431 1761 1695 1828; x_wconf 86' lang='lat' dir='ltr'><strong>gemma</strong></span> <span class='ocrx_word' id='word_1_63' title='bbox 1736 1741 2062 1827; x_wconf 89' lang='lat' dir='ltr'><strong>gloriatur</strong></span> <span class='ocrx_word' id='word_1_64' title='bbox 2106 1741 2179 1805; x_wconf 92' lang='lat' dir='ltr'><strong>in</strong></span> <span class='ocrx_word' id='word_1_65' title='bbox 2237 1740 2434 1807; x_wconf 83' lang='lat' dir='ltr'><strong>astris</strong></span> <span class='ocrx_word' id='word_1_66' title='bbox 2479 1760 2630 1808; x_wconf 91' lang='lat' dir='ltr'><strong>cum</strong></span> <span class='ocrx_word' id='word_1_67' title='bbox 2692 1740 2977 1818; x_wconf 75' lang='grc'><strong>01111310,</strong></span> 
     </span>
     <span class='ocr_line' id='line_1_10' title="bbox 537 1842 2977 1930; baseline 0.001 -23"><span class='ocrx_word' id='word_1_68' title='bbox 537 1857 774 1919; x_wconf 69' lang='lat' dir='ltr'><strong>moriae„</strong></span> <span class='ocrx_word' id='word_1_69' title='bbox 871 1847 1134 1908; x_wconf 87' lang='lat' dir='ltr'><strong>mortua</strong></span> <span class='ocrx_word' id='word_1_70' title='bbox 1178 1842 1637 1910; x_wconf 88' lang='lat' dir='ltr'><strong>demonstrant</strong></span> <span class='ocrx_word' id='word_1_71' title='bbox 1680 1864 1829 1909; x_wconf 92' lang='lat' dir='ltr'><strong>ossa</strong></span> <span class='ocrx_word' id='word_1_72' title='bbox 1872 1844 1945 1908; x_wconf 90' lang='lat' dir='ltr'><strong>in</strong></span> <span class='ocrx_word' id='word_1_73' title='bbox 1989 1845 2202 1924; x_wconf 89' lang='lat' dir='ltr'><strong>terris,</strong></span> <span class='ocrx_word' id='word_1_74' title='bbox 2250 1865 2382 1930; x_wconf 91' lang='lat' dir='ltr'><strong>quo</strong></span> <span class='ocrx_word' id='word_1_75' title='bbox 2425 1864 2561 1910; x_wconf 88' lang='lat' dir='ltr'><strong>non</strong></span> <span class='ocrx_word' id='word_1_76' title='bbox 2606 1843 2819 1910; x_wconf 88' lang='lat' dir='ltr'><strong>solum</strong></span> <span class='ocrx_word' id='word_1_77' title='bbox 2865 1844 2977 1909; x_wconf 89' lang='lat' dir='ltr'><strong>de-</strong></span> 
     </span>
     <span class='ocr_line' id='line_1_11' title="bbox 537 1929 2977 2033; baseline 0.002 -25"><span class='ocrx_word' id='word_1_78' title='bbox 537 1940 627 1989; x_wconf 80' lang='lat' dir='ltr'><strong>PP·</strong></span> <span class='ocrx_word' id='word_1_79' title='bbox 650 1929 768 1975; x_wconf 73' lang='lat'><strong>4·⁹·</strong></span> <span class='ocrx_word' id='word_1_80' title='bbox 872 1944 1038 2009; x_wconf 89' lang='lat' dir='ltr'><strong>bilia</strong></span> <span class='ocrx_word' id='word_1_81' title='bbox 1098 1965 1371 2031; x_wconf 88' lang='lat' dir='ltr'><strong>corpora</strong></span> <span class='ocrx_word' id='word_1_82' title='bbox 1432 1945 1765 2033; x_wconf 89' lang='lat' dir='ltr'><strong>recipiunt</strong></span> <span class='ocrx_word' id='word_1_83' title='bbox 1809 1945 2216 2032; x_wconf 77' lang='lat' dir='ltr'><strong>cataplasma</strong></span> <span class='ocrx_word' id='word_1_84' title='bbox 2276 1950 2348 2012; x_wconf 89' lang='lat' dir='ltr'><strong>et</strong></span> <span class='ocrx_word' id='word_1_85' title='bbox 2409 1945 2768 2033; x_wconf 86' lang='lat' dir='ltr'><strong>emplastra</strong></span> <span class='ocrx_word' id='word_1_86' title='bbox 2825 1967 2977 2013; x_wconf 91' lang='lat' dir='ltr'><strong>cum</strong></span> 
     </span>
     <span class='ocr_line' id='line_1_12' title="bbox 873 2045 2978 2133; baseline 0 -22"><span class='ocrx_word' id='word_1_87' title='bbox 873 2045 1180 2112; x_wconf 90' lang='lat' dir='ltr'><strong>antidoto</strong></span> <span class='ocrx_word' id='word_1_88' title='bbox 1223 2046 1552 2128; x_wconf 86' lang='lat' dir='ltr'><strong>sanitatis,</strong></span> <span class='ocrx_word' id='word_1_89' title='bbox 1582 2068 1817 2112; x_wconf 86' lang='lat' dir='ltr'><strong>verum</strong></span> <span class='ocrx_word' id='word_1_90' title='bbox 1864 2047 2067 2113; x_wconf 86' lang='lat' dir='ltr'><strong>etiam</strong></span> <span class='ocrx_word' id='word_1_91' title='bbox 2112 2047 2354 2113; x_wconf 84' lang='lat' dir='ltr'><strong>animae</strong></span> <span class='ocrx_word' id='word_1_92' title='bbox 2397 2047 2718 2133; x_wconf 76' lang='lat' dir='ltr'><strong>nigriores</strong></span> <span class='ocrx_word' id='word_1_93' title='bbox 2762 2046 2978 2114; x_wconf 86' lang='lat' dir='ltr'><strong>corvis</strong></span> 
     </span>
     <span class='ocr_line' id='line_1_13' title="bbox 874 2147 2979 2236; baseline 0.001 -23"><span class='ocrx_word' id='word_1_94' title='bbox 874 2147 1140 2226; x_wconf 84' lang='lat' dir='ltr'><strong>effectae,</strong></span> <span class='ocrx_word' id='word_1_95' title='bbox 1203 2154 1275 2214; x_wconf 88' lang='lat' dir='ltr'><strong>et</strong></span> <span class='ocrx_word' id='word_1_96' title='bbox 1339 2168 1579 2235; x_wconf 87' lang='lat' dir='ltr'><strong>rugosa</strong></span> <span class='ocrx_word' id='word_1_97' title='bbox 1635 2148 1990 2235; x_wconf 74' lang='lat' dir='ltr'><strong>putredine</strong></span> <span class='ocrx_word' id='word_1_98' title='bbox 2052 2148 2337 2227; x_wconf 71' lang='lat' dir='ltr'><strong>foedatae,</strong></span> <span class='ocrx_word' id='word_1_99' title='bbox 2398 2149 2775 2236; x_wconf 90' lang='lat' dir='ltr'><strong>percipiunt</strong></span> <span class='ocrx_word' id='word_1_100' title='bbox 2834 2149 2979 2235; x_wconf 86' lang='lat' dir='ltr'><strong>ipso</strong></span> 
     </span>
     <span class='ocr_line' id='line_1_14' title="bbox 876 2249 2980 2338; baseline 0 -23"><span class='ocrx_word' id='word_1_101' title='bbox 876 2251 1280 2337; x_wconf 88' lang='lat' dir='ltr'><strong>suffragante</strong></span> <span class='ocrx_word' id='word_1_102' title='bbox 1326 2249 1698 2317; x_wconf 85' lang='lat' dir='ltr'><strong>albedinem</strong></span> <span class='ocrx_word' id='word_1_103' title='bbox 1728 2256 1932 2337; x_wconf 89' lang='lat' dir='ltr'><strong>atque</strong></span> <span class='ocrx_word' id='word_1_104' title='bbox 1960 2250 2528 2338; x_wconf 88' lang='lat' dir='ltr'><strong>pulchritudinem</strong></span> <span class='ocrx_word' id='word_1_105' title='bbox 2571 2272 2771 2338; x_wconf 89' lang='lat' dir='ltr'><strong>quam</strong></span> <span class='ocrx_word' id='word_1_106' title='bbox 2794 2251 2980 2336; x_wconf 89' lang='lat' dir='ltr'><strong>prius</strong></span> 
     </span>
     <span class='ocr_line' id='line_1_15' title="bbox 534 2352 2980 2425; baseline 0.002 -14"><span class='ocrx_word' id='word_1_107' title='bbox 534 2360 646 2411; x_wconf 77' lang='lat' dir='ltr'><strong>The</strong></span> <span class='ocrx_word' id='word_1_108' title='bbox 657 2361 852 2425; x_wconf 72' lang='lat' dir='ltr'><strong>prainos</strong></span> <span class='ocrx_word' id='word_1_109' title='bbox 875 2352 1213 2419; x_wconf 85' lang='lat' dir='ltr'><strong>habebant</strong></span> <span class='ocrx_word' id='word_1_110' title='bbox 1304 2352 1501 2419; x_wconf 83' lang='lat' dir='ltr'><strong>tincti</strong></span> <span class='ocrx_word' id='word_1_111' title='bbox 1560 2352 1608 2418; x_wconf 85' lang='lat' dir='ltr'><strong>J</strong></span> <span class='ocrx_word' id='word_1_112' title='bbox 1608 2352 1917 2419; x_wconf 87' lang='lat' dir='ltr'><strong>ordanico</strong></span> <span class='ocrx_word' id='word_1_113' title='bbox 2014 2352 2304 2419; x_wconf 91' lang='lat' dir='ltr'><strong>flumine.</strong></span> <span class='ocrx_word' id='word_1_114' title='bbox 2414 2352 2570 2420; x_wconf 88' lang='lat' dir='ltr'><strong>Rite</strong></span> <span class='ocrx_word' id='word_1_115' title='bbox 2644 2352 2980 2419; x_wconf 88' lang='lat' dir='ltr'><strong>Floriacus</strong></span> 
     </span>
     <span class='ocr_line' id='line_1_16' title="bbox 537 2427 2978 2541; baseline -0 -21"><span class='ocrx_word' id='word_1_116' title='bbox 537 2427 596 2477; x_wconf 40' lang='lat'><strong>⁰¹·</strong></span> <span class='ocrx_word' id='word_1_117' title='bbox 612 2430 811 2495; x_wconf 72' lang='lat' dir='ltr'><strong>Fleury.</strong></span> <span class='ocrx_word' id='word_1_118' title='bbox 876 2456 1094 2522; x_wconf 88' lang='lat' dir='ltr'><strong>dictus</strong></span> <span class='ocrx_word' id='word_1_119' title='bbox 1140 2459 1244 2521; x_wconf 88' lang='lat' dir='ltr'><strong>est</strong></span> <span class='ocrx_word' id='word_1_120' title='bbox 1303 2455 1418 2520; x_wconf 90' lang='lat' dir='ltr'><strong>ille</strong></span> <span class='ocrx_word' id='word_1_121' title='bbox 1485 2476 1665 2521; x_wconf 90' lang='lat' dir='ltr'><strong>sacer</strong></span> <span class='ocrx_word' id='word_1_122' title='bbox 1708 2454 1908 2533; x_wconf 88' lang='lat' dir='ltr'><strong>locus,</strong></span> <span class='ocrx_word' id='word_1_123' title='bbox 1955 2455 2113 2541; x_wconf 91' lang='lat' dir='ltr'><strong>quia</strong></span> <span class='ocrx_word' id='word_1_124' title='bbox 2176 2456 2249 2520; x_wconf 88' lang='lat' dir='ltr'><strong>in</strong></span> <span class='ocrx_word' id='word_1_125' title='bbox 2294 2477 2386 2533; x_wconf 90' lang='lat' dir='ltr'><strong>e0,</strong></span> <span class='ocrx_word' id='word_1_126' title='bbox 2433 2461 2513 2521; x_wconf 88' lang='lat' dir='ltr'><strong>ut</strong></span> <span class='ocrx_word' id='word_1_127' title='bbox 2572 2455 2738 2522; x_wconf 87' lang='lat' dir='ltr'><strong>libet</strong></span> <span class='ocrx_word' id='word_1_128' title='bbox 2780 2456 2978 2541; x_wconf 88' lang='lat' dir='ltr'><strong>loqui,</strong></span> 
     </span>
     <span class='ocr_line' id='line_1_17' title="bbox 873 2555 2982 2643; baseline 0 -22"><span class='ocrx_word' id='word_1_129' title='bbox 873 2558 1113 2622; x_wconf 89' lang='lat' dir='ltr'><strong>florent</strong></span> <span class='ocrx_word' id='word_1_130' title='bbox 1154 2577 1341 2622; x_wconf 89' lang='lat' dir='ltr'><strong>roseo</strong></span> <span class='ocrx_word' id='word_1_131' title='bbox 1385 2555 1595 2623; x_wconf 90' lang='lat' dir='ltr'><strong>colore</strong></span> <span class='ocrx_word' id='word_1_132' title='bbox 1641 2562 1710 2620; x_wconf 88' lang='lat' dir='ltr'><strong>et</strong></span> <span class='ocrx_word' id='word_1_133' title='bbox 1751 2557 1951 2622; x_wconf 85' lang='lat' dir='ltr'><strong>niveo</strong></span> <span class='ocrx_word' id='word_1_134' title='bbox 1981 2557 2324 2641; x_wconf 77' lang='lat' dir='ltr'><strong>splendore</strong></span> <span class='ocrx_word' id='word_1_135' title='bbox 2352 2578 2631 2643; x_wconf 74' lang='lat' dir='ltr'><strong>gemmae</strong></span> <span class='ocrx_word' id='word_1_136' title='bbox 2661 2557 2982 2643; x_wconf 85' lang='lat' dir='ltr'><strong>floresque</strong></span> 
     </span>
     <span class='ocr_line' id='line_1_18' title="bbox 874 2656 2980 2737; baseline 0.001 -14"><span class='ocrx_word' id='word_1_137' title='bbox 874 2658 1215 2737; x_wconf 83' lang='lat' dir='ltr'><strong>Paradisi3</strong></span> <span class='ocrx_word' id='word_1_138' title='bbox 1278 2662 1348 2721; x_wconf 90' lang='lat' dir='ltr'><strong>et</strong></span> <span class='ocrx_word' id='word_1_139' title='bbox 1399 2677 1533 2722; x_wconf 91' lang='lat' dir='ltr'><strong>non</strong></span> <span class='ocrx_word' id='word_1_140' title='bbox 1578 2661 1847 2721; x_wconf 87' lang='lat' dir='ltr'><strong>tantum</strong></span> <span class='ocrx_word' id='word_1_141' title='bbox 1893 2656 2075 2720; x_wconf 87' lang='lat' dir='ltr'><strong>illius</strong></span> <span class='ocrx_word' id='word_1_142' title='bbox 2119 2658 2367 2722; x_wconf 90' lang='lat' dir='ltr'><strong>amoeni</strong></span> <span class='ocrx_word' id='word_1_143' title='bbox 2427 2657 2553 2723; x_wconf 88' lang='grc'><strong>1061</strong></span> <span class='ocrx_word' id='word_1_144' title='bbox 2599 2658 2808 2736; x_wconf 88' lang='lat' dir='ltr'><strong>flores,</strong></span> <span class='ocrx_word' id='word_1_145' title='bbox 2862 2661 2980 2726; x_wconf 87' lang='lat' dir='ltr'><strong>sed</strong></span> 
     </span>
     <span class='ocr_line' id='line_1_19' title="bbox 874 2756 2977 2845; baseline 0 -20"><span class='ocrx_word' id='word_1_146' title='bbox 874 2758 1077 2825; x_wconf 88' lang='lat' dir='ltr'><strong>etiam</strong></span> <span class='ocrx_word' id='word_1_147' title='bbox 1123 2757 1358 2845; x_wconf 78' lang='lat' dir='ltr'><strong>patriae</strong></span> <span class='ocrx_word' id='word_1_148' title='bbox 1421 2756 1698 2824; x_wconf 81' lang='lat' dir='ltr'><strong>caelestis</strong></span> <span class='ocrx_word' id='word_1_149' title='bbox 1757 2756 2002 2842; x_wconf 81' lang='lat' dir='ltr'><strong>gloriae,</strong></span> <span class='ocrx_word' id='word_1_150' title='bbox 2051 2758 2167 2843; x_wconf 90' lang='lat' dir='ltr'><strong>qui</strong></span> <span class='ocrx_word' id='word_1_151' title='bbox 2213 2758 2619 2844; x_wconf 86' lang='lat' dir='ltr'><strong>rutilan(ti)s</strong></span> <span class='ocrx_word' id='word_1_152' title='bbox 2670 2760 2816 2826; x_wconf 77' lang='grc'><strong>66611</strong></span> <span class='ocrx_word' id='word_1_153' title='bbox 2861 2781 2977 2826; x_wconf 83' lang='lat' dir='ltr'><strong>ex-</strong></span> 
     </span>
     <span class='ocr_line' id='line_1_20' title="bbox 851 2858 2976 2949; baseline -0.001 -20"><span class='ocrx_word' id='word_1_154' title='bbox 851 2864 1190 2948; x_wconf 70' lang='lat' dir='ltr'><strong>superant</strong></span> <span class='ocrx_word' id='word_1_155' title='bbox 1234 2859 1466 2937; x_wconf 89' lang='lat' dir='ltr'><strong>sidera,</strong></span> <span class='ocrx_word' id='word_1_156' title='bbox 1511 2864 1581 2925; x_wconf 93' lang='lat' dir='ltr'><strong>et</strong></span> <span class='ocrx_word' id='word_1_157' title='bbox 1627 2858 2018 2946; x_wconf 71' lang='lat' dir='ltr'><strong>praecellunt</strong></span> <span class='ocrx_word' id='word_1_158' title='bbox 2062 2858 2317 2925; x_wconf 89' lang='lat' dir='ltr'><strong>meritis</strong></span> <span class='ocrx_word' id='word_1_159' title='bbox 2362 2859 2491 2946; x_wconf 91' lang='lat' dir='ltr'><strong>piis</strong></span> <span class='ocrx_word' id='word_1_160' title='bbox 2536 2860 2745 2946; x_wconf 90' lang='lat' dir='ltr'><strong>ipsius</strong></span> <span class='ocrx_word' id='word_1_161' title='bbox 2789 2863 2976 2949; x_wconf 87' lang='lat' dir='ltr'><strong>regni</strong></span> 
     </span>
     <span class='ocr_line' id='line_1_21' title="bbox 874 2963 1233 3049; baseline -0.006 -20"><span class='ocrx_word' id='word_1_162' title='bbox 874 2963 1233 3049; x_wconf 73' lang='lat' dir='ltr'><strong>fastigium.</strong></span> 
     </span>
     <span class='ocr_line' id='line_1_22' title="bbox 541 3062 2980 3136; baseline 0.001 -6"><span class='ocrx_word' id='word_1_163' title='bbox 541 3084 793 3136; x_wconf 65' lang='lat' dir='ltr'><strong>oswaloea</strong></span> <span class='ocrx_word' id='word_1_164' title='bbox 966 3064 1228 3131; x_wconf 82' lang='lat' dir='ltr'><strong>Floruit</strong></span> <span class='ocrx_word' id='word_1_165' title='bbox 1289 3085 1440 3130; x_wconf 91' lang='lat' dir='ltr'><strong>cum</strong></span> <span class='ocrx_word' id='word_1_166' title='bbox 1530 3063 1789 3129; x_wconf 85' lang='lat' dir='ltr'><strong>caeteris</strong></span> <span class='ocrx_word' id='word_1_167' title='bbox 1857 3062 2128 3128; x_wconf 90' lang='lat' dir='ltr'><strong>floribus</strong></span> <span class='ocrx_word' id='word_1_168' title='bbox 2211 3064 2567 3130; x_wconf 75' lang='lat' dir='ltr'><strong>enormiter</strong></span> <span class='ocrx_word' id='word_1_169' title='bbox 2629 3064 2980 3133; x_wconf 84' lang='lat' dir='ltr'><strong>Oswaldus</strong></span> 
     </span>
     <span class='ocr_line' id='line_1_23' title="bbox 539 3150 2981 3254; baseline 0.001 -22"><span class='ocrx_word' id='word_1_170' title='bbox 539 3150 766 3218; x_wconf 75' lang='lat' dir='ltr'><strong>activity.</strong></span> <span class='ocrx_word' id='word_1_171' title='bbox 877 3168 1159 3254; x_wconf 83' lang='lat' dir='ltr'><strong>impiger</strong></span> <span class='ocrx_word' id='word_1_172' title='bbox 1203 3164 1580 3241; x_wconf 89' lang='lat' dir='ltr'><strong>monachus,</strong></span> <span class='ocrx_word' id='word_1_173' title='bbox 1634 3166 1750 3250; x_wconf 89' lang='lat' dir='ltr'><strong>qui</strong></span> <span class='ocrx_word' id='word_1_174' title='bbox 1799 3186 2194 3252; x_wconf 85' lang='lat' dir='ltr'><strong>magnopere</strong></span> <span class='ocrx_word' id='word_1_175' title='bbox 2246 3166 2591 3252; x_wconf 87' lang='lat' dir='ltr'><strong>satagebat</strong></span> <span class='ocrx_word' id='word_1_176' title='bbox 2632 3166 2758 3234; x_wconf 90' lang='lat' dir='ltr'><strong>hoc</strong></span> <span class='ocrx_word' id='word_1_177' title='bbox 2803 3169 2981 3254; x_wconf 85' lang='lat' dir='ltr'><strong>quod</strong></span> 
     </span>
     <span class='ocr_line' id='line_1_24' title="bbox 541 3268 2981 3358; baseline -0.004 -11"><span class='ocrx_word' id='word_1_178' title='bbox 541 3295 774 3358; x_wconf 75' lang='lat' dir='ltr'><strong>Ezekiel,</strong></span> <span class='ocrx_word' id='word_1_179' title='bbox 878 3292 1176 3338; x_wconf 89' lang='lat' dir='ltr'><strong>summus</strong></span> <span class='ocrx_word' id='word_1_180' title='bbox 1221 3275 1410 3336; x_wconf 87' lang='lat' dir='ltr'><strong>vates</strong></span> <span class='ocrx_word' id='word_1_181' title='bbox 1456 3268 1838 3355; x_wconf 86' lang='lat' dir='ltr'><strong>proclamat,</strong></span> <span class='ocrx_word' id='word_1_182' title='bbox 1892 3269 2131 3347; x_wconf 90' lang='lat' dir='ltr'><strong>dicens,</strong></span> <span class='ocrx_word' id='word_1_183' title='bbox 2180 3269 2441 3336; x_wconf 86' lang='lat' dir='ltr'><strong>Montes</strong></span> <span class='ocrx_word' id='word_1_184' title='bbox 2486 3270 2705 3349; x_wconf 87' lang='lat' dir='ltr'><strong>Israel,</strong></span> <span class='ocrx_word' id='word_1_185' title='bbox 2765 3293 2981 3338; x_wconf 86' lang='lat' dir='ltr'><strong>ramos</strong></span> 
     </span>
     <span class='ocr_line' id='line_1_25' title="bbox 542 3362 2982 3458; baseline 0 -19"><span class='ocrx_word' id='word_1_186' title='bbox 542 3362 723 3413; x_wconf 76' lang='lat' dir='ltr'><strong>mvi.</strong></span> <span class='ocrx_word' id='word_1_187' title='bbox 751 3371 799 3416; x_wconf 77' lang='lat'><strong>⁸·</strong></span> <span class='ocrx_word' id='word_1_188' title='bbox 878 3379 1133 3439; x_wconf 85' lang='lat' dir='ltr'><strong>vestros</strong></span> <span class='ocrx_word' id='word_1_189' title='bbox 1194 3371 1552 3458; x_wconf 83' lang='lat' dir='ltr'><strong>expandite</strong></span> <span class='ocrx_word' id='word_1_190' title='bbox 1612 3377 1681 3437; x_wconf 90' lang='lat' dir='ltr'><strong>et</strong></span> <span class='ocrx_word' id='word_1_191' title='bbox 1727 3371 1974 3449; x_wconf 88' lang='lat' dir='ltr'><strong>florete,</strong></span> <span class='ocrx_word' id='word_1_192' title='bbox 2037 3376 2105 3437; x_wconf 88' lang='lat' dir='ltr'><strong>et</strong></span> <span class='ocrx_word' id='word_1_193' title='bbox 2178 3371 2432 3438; x_wconf 74' lang='lat' dir='ltr'><strong>fructus</strong></span> <span class='ocrx_word' id='word_1_194' title='bbox 2491 3373 2703 3440; x_wconf 87' lang='lat' dir='ltr'><strong>facite.</strong></span> <span class='ocrx_word' id='word_1_195' title='bbox 2795 3374 2982 3442; x_wconf 87' lang='lat' dir='ltr'><strong>Tunc</strong></span> 
     </span>
     <span class='ocr_line' id='line_1_26' title="bbox 878 3472 2980 3560; baseline -0 -18"><span class='ocrx_word' id='word_1_196' title='bbox 878 3498 1067 3542; x_wconf 88' lang='lat' dir='ltr'><strong>mons</strong></span> <span class='ocrx_word' id='word_1_197' title='bbox 1100 3472 1324 3551; x_wconf 88' lang='lat' dir='ltr'><strong>Israel,</strong></span> <span class='ocrx_word' id='word_1_198' title='bbox 1354 3479 1434 3540; x_wconf 91' lang='lat' dir='ltr'><strong>ut</strong></span> <span class='ocrx_word' id='word_1_199' title='bbox 1463 3494 1627 3539; x_wconf 81' lang='lat' dir='ltr'><strong>meae</strong></span> <span class='ocrx_word' id='word_1_200' title='bbox 1675 3472 1935 3560; x_wconf 88' lang='lat' dir='ltr'><strong>exiguae</strong></span> <span class='ocrx_word' id='word_1_201' title='bbox 1966 3472 2276 3555; x_wconf 72' lang='lat' dir='ltr'><strong>sollertiae</strong></span> <span class='ocrx_word' id='word_1_202' title='bbox 2306 3474 2590 3553; x_wconf 88' lang='lat' dir='ltr'><strong>videtur,</strong></span> <span class='ocrx_word' id='word_1_203' title='bbox 2620 3495 2836 3542; x_wconf 85' lang='lat' dir='ltr'><strong>ramos</strong></span> <span class='ocrx_word' id='word_1_204' title='bbox 2867 3498 2980 3541; x_wconf 91' lang='lat' dir='ltr'><strong>ex-</strong></span> 
     </span>
     <span class='ocr_line' id='line_1_27' title="bbox 877 3575 2982 3656; baseline 0 -12"><span class='ocrx_word' id='word_1_205' title='bbox 877 3578 1115 3656; x_wconf 83' lang='lat' dir='ltr'><strong>tendit,</strong></span> <span class='ocrx_word' id='word_1_206' title='bbox 1162 3599 1314 3642; x_wconf 93' lang='lat' dir='ltr'><strong>cum</strong></span> <span class='ocrx_word' id='word_1_207' title='bbox 1359 3575 1640 3642; x_wconf 86' lang='lat' dir='ltr'><strong>devotus</strong></span> <span class='ocrx_word' id='word_1_208' title='bbox 1684 3575 2047 3642; x_wconf 89' lang='lat' dir='ltr'><strong>monachus</strong></span> <span class='ocrx_word' id='word_1_209' title='bbox 2114 3576 2305 3641; x_wconf 91' lang='lat' dir='ltr'><strong>bonis</strong></span> <span class='ocrx_word' id='word_1_210' title='bbox 2363 3576 2623 3643; x_wconf 89' lang='lat' dir='ltr'><strong>actibus</strong></span> <span class='ocrx_word' id='word_1_211' title='bbox 2682 3577 2982 3644; x_wconf 88' lang='lat' dir='ltr'><strong>intentus</strong></span> 
     </span>
     <span class='ocr_line' id='line_1_28' title="bbox 874 3677 2979 3766; baseline 0 -21"><span class='ocrx_word' id='word_1_212' title='bbox 874 3681 1094 3759; x_wconf 87' lang='lat' dir='ltr'><strong>fuerit,</strong></span> <span class='ocrx_word' id='word_1_213' title='bbox 1140 3679 1464 3744; x_wconf 87' lang='lat' dir='ltr'><strong>desidiam</strong></span> <span class='ocrx_word' id='word_1_214' title='bbox 1509 3678 1871 3744; x_wconf 83' lang='lat' dir='ltr'><strong>otiositatis</strong></span> <span class='ocrx_word' id='word_1_215' title='bbox 1915 3677 2104 3743; x_wconf 87' lang='lat' dir='ltr'><strong>velut</strong></span> <span class='ocrx_word' id='word_1_216' title='bbox 2148 3678 2468 3745; x_wconf 84' lang='lat' dir='ltr'><strong>mortiferi</strong></span> <span class='ocrx_word' id='word_1_217' title='bbox 2499 3680 2740 3745; x_wconf 84' lang='lat' dir='ltr'><strong>veneni</strong></span> <span class='ocrx_word' id='word_1_218' title='bbox 2783 3702 2979 3766; x_wconf 92' lang='lat' dir='ltr'><strong>pocu-</strong></span> 
     </span>
     <span class='ocr_line' id='line_1_29' title="bbox 874 3779 2980 3868; baseline 0.001 -22"><span class='ocrx_word' id='word_1_219' title='bbox 874 3783 1015 3848; x_wconf 93' lang='lat' dir='ltr'><strong>lum</strong></span> <span class='ocrx_word' id='word_1_220' title='bbox 1060 3781 1393 3868; x_wconf 85' lang='lat' dir='ltr'><strong>fugiendO.</strong></span> <span class='ocrx_word' id='word_1_221' title='bbox 1485 3779 1673 3846; x_wconf 88' lang='lat' dir='ltr'><strong>Tunc</strong></span> <span class='ocrx_word' id='word_1_222' title='bbox 1716 3800 1905 3845; x_wconf 92' lang='lat' dir='ltr'><strong>mons</strong></span> <span class='ocrx_word' id='word_1_223' title='bbox 1939 3779 2143 3845; x_wconf 84' lang='lat' dir='ltr'><strong>Israel</strong></span> <span class='ocrx_word' id='word_1_224' title='bbox 2172 3781 2364 3847; x_wconf 83' lang='lat' dir='ltr'><strong>floret</strong></span> <span class='ocrx_word' id='word_1_225' title='bbox 2407 3788 2477 3848; x_wconf 90' lang='lat' dir='ltr'><strong>et</strong></span> <span class='ocrx_word' id='word_1_226' title='bbox 2520 3781 2772 3848; x_wconf 86' lang='lat' dir='ltr'><strong>fructus</strong></span> <span class='ocrx_word' id='word_1_227' title='bbox 2802 3783 2980 3862; x_wconf 87' lang='lat' dir='ltr'><strong>facit,</strong></span> 
     </span>
     <span class='ocr_line' id='line_1_30' title="bbox 873 3882 2980 3971; baseline -0.001 -18"><span class='ocrx_word' id='word_1_228' title='bbox 873 3908 1025 3954; x_wconf 88' lang='lat' dir='ltr'><strong>cum</strong></span> <span class='ocrx_word' id='word_1_229' title='bbox 1078 3882 1549 3971; x_wconf 88' lang='lat' dir='ltr'><strong>parsimoniam</strong></span> <span class='ocrx_word' id='word_1_230' title='bbox 1610 3888 1861 3948; x_wconf 85' lang='lat' dir='ltr'><strong>sanctae</strong></span> <span class='ocrx_word' id='word_1_231' title='bbox 1932 3882 2354 3949; x_wconf 84' lang='lat' dir='ltr'><strong>abstinentiae</strong></span> <span class='ocrx_word' id='word_1_232' title='bbox 2417 3895 2656 3961; x_wconf 81' lang='lat' dir='ltr'><strong>servat,</strong></span> <span class='ocrx_word' id='word_1_233' title='bbox 2715 3890 2980 3951; x_wconf 72' lang='grc'><strong>6361610-</strong></span> 
     </span>
     <span class='ocr_line' id='line_1_31' title="bbox 874 3984 2983 4074; baseline 0 -21"><span class='ocrx_word' id='word_1_234' title='bbox 874 4008 1154 4074; x_wconf 91' lang='lat' dir='ltr'><strong>rumque</strong></span> <span class='ocrx_word' id='word_1_235' title='bbox 1214 3984 1625 4052; x_wconf 82' lang='lat' dir='ltr'><strong>exhibitione</strong></span> <span class='ocrx_word' id='word_1_236' title='bbox 1669 3986 1992 4050; x_wconf 89' lang='lat' dir='ltr'><strong>bonorum</strong></span> <span class='ocrx_word' id='word_1_237' title='bbox 2039 4006 2310 4071; x_wconf 86' lang='lat' dir='ltr'><strong>operum</strong></span> <span class='ocrx_word' id='word_1_238' title='bbox 2355 4006 2424 4051; x_wconf 90' lang='lat' dir='ltr'><strong>se</strong></span> <span class='ocrx_word' id='word_1_239' title='bbox 2468 3992 2759 4065; x_wconf 82' lang='lat' dir='ltr'><strong>exornet,</strong></span> <span class='ocrx_word' id='word_1_240' title='bbox 2810 3988 2983 4054; x_wconf 88' lang='lat' dir='ltr'><strong>sicut</strong></span> 
     </span>
     <span class='ocr_line' id='line_1_32' title="bbox 541 4084 2980 4175; baseline 0.002 -25"><span class='ocrx_word' id='word_1_241' title='bbox 541 4089 845 4152; x_wconf 76' lang='lat' dir='ltr'><strong>Germanus,</strong></span> <span class='ocrx_word' id='word_1_242' title='bbox 876 4090 935 4155; x_wconf 88' lang='lat' dir='ltr'><strong>is</strong></span> <span class='ocrx_word' id='word_1_243' title='bbox 979 4088 1185 4175; x_wconf 89' lang='lat' dir='ltr'><strong>gessit</strong></span> <span class='ocrx_word' id='word_1_244' title='bbox 1216 4107 1411 4172; x_wconf 89' lang='lat' dir='ltr'><strong>quem</strong></span> <span class='ocrx_word' id='word_1_245' title='bbox 1441 4106 1565 4171; x_wconf 88' lang='lat' dir='ltr'><strong>pro</strong></span> <span class='ocrx_word' id='word_1_246' title='bbox 1608 4084 1876 4150; x_wconf 90' lang='lat' dir='ltr'><strong>modulo</strong></span> <span class='ocrx_word' id='word_1_247' title='bbox 1905 4084 2277 4171; x_wconf 85' lang='lat' dir='ltr'><strong>probamus.</strong></span> <span class='ocrx_word' id='word_1_248' title='bbox 2369 4084 2786 4173; x_wconf 87' lang='lat' dir='ltr'><strong>Sequebatur</strong></span> <span class='ocrx_word' id='word_1_249' title='bbox 2828 4111 2980 4155; x_wconf 90' lang='lat' dir='ltr'><strong>eum</strong></span> 
     </span>
     <span class='ocr_line' id='line_1_33' title="bbox 538 4158 2980 4276; baseline 0.001 -22"><span class='ocrx_word' id='word_1_250' title='bbox 538 4158 839 4275; x_wconf 42' lang='lat' dir='ltr'><strong>fflssussin-</strong></span> <span class='ocrx_word' id='word_1_251' title='bbox 877 4190 1149 4276; x_wconf 87' lang='lat' dir='ltr'><strong>quidam</strong></span> <span class='ocrx_word' id='word_1_252' title='bbox 1177 4186 1552 4254; x_wconf 86' lang='lat' dir='ltr'><strong>adolescens</strong></span> <span class='ocrx_word' id='word_1_253' title='bbox 1598 4207 1683 4251; x_wconf 89' lang='lat' dir='ltr'><strong>ex</strong></span> <span class='ocrx_word' id='word_1_254' title='bbox 1712 4184 2059 4252; x_wconf 88' lang='lat' dir='ltr'><strong>Wintonia</strong></span> <span class='ocrx_word' id='word_1_255' title='bbox 2088 4187 2381 4268; x_wconf 85' lang='lat' dir='ltr'><strong>civitate,</strong></span> <span class='ocrx_word' id='word_1_256' title='bbox 2413 4188 2680 4254; x_wconf 91' lang='lat' dir='ltr'><strong>nomine</strong></span> <span class='ocrx_word' id='word_1_257' title='bbox 2712 4187 2980 4257; x_wconf 86' lang='lat' dir='ltr'><strong>Germa-</strong></span> 
     </span>
     <span class='ocr_line' id='line_1_34' title="bbox 539 4284 2982 4379; baseline 0.002 -27"><span class='ocrx_word' id='word_1_258' title='bbox 539 4289 759 4366; x_wconf 63' lang='lat' dir='ltr'><strong>cljeflter,</strong></span> <span class='ocrx_word' id='word_1_259' title='bbox 777 4289 823 4339; x_wconf 74' lang='lat' dir='ltr'><strong>is</strong></span> <span class='ocrx_word' id='word_1_260' title='bbox 876 4313 1023 4371; x_wconf 90' lang='lat' dir='ltr'><strong>nus,</strong></span> <span class='ocrx_word' id='word_1_261' title='bbox 1071 4290 1247 4357; x_wconf 90' lang='lat' dir='ltr'><strong>sicut</strong></span> <span class='ocrx_word' id='word_1_262' title='bbox 1291 4287 1404 4353; x_wconf 89' lang='lat' dir='ltr'><strong>ille</strong></span> <span class='ocrx_word' id='word_1_263' title='bbox 1451 4288 1524 4352; x_wconf 96' lang='grc'><strong>111</strong></span> <span class='ocrx_word' id='word_1_264' title='bbox 1569 4287 1935 4373; x_wconf 81' lang='lat' dir='ltr'><strong>Evangelio</strong></span> <span class='ocrx_word' id='word_1_265' title='bbox 1981 4284 2361 4367; x_wconf 90' lang='lat' dir='ltr'><strong>Dominum,</strong></span> <span class='ocrx_word' id='word_1_266' title='bbox 2407 4311 2604 4375; x_wconf 90' lang='lat' dir='ltr'><strong>quem</strong></span> <span class='ocrx_word' id='word_1_267' title='bbox 2650 4292 2982 4379; x_wconf 86' lang='lat' dir='ltr'><strong>praecipuo</strong></span> 
     </span>
     <span class='ocr_line' id='line_1_35' title="bbox 538 4355 2981 4484; baseline 0 -27"><span class='ocrx_word' id='word_1_268' title='bbox 538 4355 780 4484; x_wconf 43' lang='lat'><strong>323³?</strong></span> <span class='ocrx_word' id='word_1_269' title='bbox 876 4392 1118 4457; x_wconf 90' lang='lat' dir='ltr'><strong>dilexit</strong></span> <span class='ocrx_word' id='word_1_270' title='bbox 1179 4411 1416 4456; x_wconf 86' lang='lat' dir='ltr'><strong>amore.</strong></span> <span class='ocrx_word' id='word_1_271' title='bbox 1510 4388 1692 4455; x_wconf 86' lang='lat' dir='ltr'><strong>Huic</strong></span> <span class='ocrx_word' id='word_1_272' title='bbox 1754 4410 2016 4474; x_wconf 88' lang='lat' dir='ltr'><strong>quoque</strong></span> <span class='ocrx_word' id='word_1_273' title='bbox 2083 4390 2464 4456; x_wconf 83' lang='lat' dir='ltr'><strong>antidotum</strong></span> <span class='ocrx_word' id='word_1_274' title='bbox 2509 4391 2747 4458; x_wconf 88' lang='lat' dir='ltr'><strong>fratres</strong></span> <span class='ocrx_word' id='word_1_275' title='bbox 2793 4393 2981 4457; x_wconf 89' lang='lat' dir='ltr'><strong>exhi-</strong></span> 
     </span>
     <span class='ocr_line' id='line_1_36' title="bbox 875 4492 2982 4581; baseline -0 -20"><span class='ocrx_word' id='word_1_276' title='bbox 875 4496 1166 4561; x_wconf 88' lang='lat' dir='ltr'><strong>buerunt</strong></span> <span class='ocrx_word' id='word_1_277' title='bbox 1212 4492 1667 4569; x_wconf 88' lang='lat' dir='ltr'><strong>monasticum,</strong></span> <span class='ocrx_word' id='word_1_278' title='bbox 1718 4514 1916 4578; x_wconf 86' lang='lat' dir='ltr'><strong>quem</strong></span> <span class='ocrx_word' id='word_1_279' title='bbox 1980 4492 2051 4557; x_wconf 90' lang='lat' dir='ltr'><strong>in</strong></span> <span class='ocrx_word' id='word_1_280' title='bbox 2109 4493 2473 4579; x_wconf 85' lang='lat' dir='ltr'><strong>pulsatorio</strong></span> <span class='ocrx_word' id='word_1_281' title='bbox 2533 4495 2982 4581; x_wconf 83' lang='lat' dir='ltr'><strong>probaverunt</strong></span> 
     </span>
     <span class='ocr_line' id='line_1_37' title="bbox 545 4587 2983 4683; baseline 0.001 -21"><span class='ocrx_word' id='word_1_282' title='bbox 545 4587 830 4638; x_wconf 76' lang='lat' dir='ltr'><strong>Germanus</strong></span> <span class='ocrx_word' id='word_1_283' title='bbox 877 4596 1266 4673; x_wconf 89' lang='lat' dir='ltr'><strong>diutissime,</strong></span> <span class='ocrx_word' id='word_1_284' title='bbox 1327 4593 1751 4661; x_wconf 87' lang='lat' dir='ltr'><strong>ostendentes</strong></span> <span class='ocrx_word' id='word_1_285' title='bbox 1796 4594 1861 4659; x_wconf 90' lang='lat' dir='ltr'><strong>ei</strong></span> <span class='ocrx_word' id='word_1_286' title='bbox 1906 4594 2074 4661; x_wconf 88' lang='lat' dir='ltr'><strong>dura</strong></span> <span class='ocrx_word' id='word_1_287' title='bbox 2134 4601 2204 4661; x_wconf 90' lang='lat' dir='ltr'><strong>et</strong></span> <span class='ocrx_word' id='word_1_288' title='bbox 2268 4617 2517 4681; x_wconf 71' lang='lat' dir='ltr'><strong>aspera,</strong></span> <span class='ocrx_word' id='word_1_289' title='bbox 2610 4596 2763 4683; x_wconf 81' lang='lat' dir='ltr'><strong>Ipse</strong></span> <span class='ocrx_word' id='word_1_290' title='bbox 2825 4620 2983 4665; x_wconf 79' lang='lat' dir='ltr'><strong>vero</strong></span> 
     </span>
    </p>
   </div>
   <div class='ocr_carea' id='block_1_3' title="bbox 541 4653 2983 4787">
    <p class='ocr_par' dir='ltr' id='par_1_3' title="bbox 541 4653 2983 4787">
     <span class='ocr_line' id='line_1_38' title="bbox 541 4653 2983 4787; baseline 0 -20"><span class='ocrx_word' id='word_1_291' title='bbox 541 4653 852 4787; x_wconf 49' lang='grc' dir='ltr'><strong>ζῗηίέίῖἒῖξρ</strong></span> <span class='ocrx_word' id='word_1_292' title='bbox 878 4699 1273 4786; x_wconf 84' lang='lat' dir='ltr'><strong>martyrium</strong></span> <span class='ocrx_word' id='word_1_293' title='bbox 1318 4702 1388 4763; x_wconf 89' lang='lat' dir='ltr'><strong>et</strong></span> <span class='ocrx_word' id='word_1_294' title='bbox 1432 4696 1761 4762; x_wconf 87' lang='lat' dir='ltr'><strong>fornacem</strong></span> <span class='ocrx_word' id='word_1_295' title='bbox 1817 4696 2047 4762; x_wconf 90' lang='lat' dir='ltr'><strong>Trium</strong></span> <span class='ocrx_word' id='word_1_296' title='bbox 2089 4696 2450 4765; x_wconf 87' lang='lat' dir='ltr'><strong>Puerorum</strong></span> <span class='ocrx_word' id='word_1_297' title='bbox 2495 4700 2849 4781; x_wconf 87' lang='lat' dir='ltr'><strong>sustinens,</strong></span> <span class='ocrx_word' id='word_1_298' title='bbox 2911 4706 2983 4767; x_wconf 88' lang='lat' dir='ltr'><strong>et</strong></span> 
     </span>
    </p>
   </div>
  </div>
 </body>
</html>
