3600 5800
849 857 978 920 404
1487 869 1652 916 vm
1697 867 1937 917 simum
1986 870 2312 929 osWALm,

843 1078 1007 1124 rwm
1035 1079 1287 1145 emm·
1315 1056 1546 1124 vident
1578 1057 1835 1144 faciem
1871 1056 2104 1143 petto-is
2147 1055 2302 1134 mei,
2334 1055 2459 1142 qui
2503 1055 2589 1122 in
2634 1054 2813 1122 coelis
2844 1061 2951 1120 est.

507 1168 619 1217 Tho
643 1184 695 1232 p1
680 1167 783 1233 ety
843 1159 953 1224 Ad
1017 1159 1318 1228 ecclesias
1386 1180 1648 1246 quoque
1717 1158 1971 1224 Christi
2034 1159 2416 1244 frequenter
2477 1179 2628 1224 cum
2698 1157 2956 1224 caeteris

508 1234 569 1285 of
588 1234 717 1285 ⁰⁶⁰·
842 1259 1150 1325 fidelibus
1212 1260 1564 1327 convenire
1627 1259 1988 1346 satagebat,
2044 1259 2203 1345 quia
2263 1279 2383 1344 pro
2444 1257 2569 1326 hac
2630 1257 2954 1323 bonitatis

842 1382 1040 1428 causa
1083 1367 1421 1448 correptus
1466 1382 1509 1427 a
1552 1366 1741 1447 patre
1794 1380 2214 1446 nequaquam
2277 1361 2364 1425 ab
2409 1359 2533 1426 hoc
2579 1381 2773 1444 opere
2819 1380 2954 1424 ces-

842 1465 1049 1543 sabat,
1096 1466 1407 1550 quoniam
1454 1485 1577 1530 nec
1615 1463 1815 1529 flatus
1856 1463 2191 1528 durissimi
2216 1475 2249 1509 ὃ
2296 1461 2489 1528 Borei
2536 1463 2759 1548 potuit
2803 1483 2955 1526 eum

842 1587 1250 1653 exsuperare,
1295 1588 1417 1635 nec
1463 1571 1754 1652 paternae
1817 1565 2017 1631 minae
2063 1570 2372 1650 poterant
2417 1587 2459 1632 a
2501 1565 2675 1631 bono
2721 1584 2954 1650 propo-

842 1669 972 1734 sito
1017 1668 1319 1734 avellere.

507 1773 663 1823 Odo's
932 1769 1187 1837 Dicunt
1226 1770 1497 1855 quidam
1544 1770 1721 1855 quod
1751 1791 1838 1835 ex
1883 1769 2045 1855 ipsis
2090 1769 2301 1835 Danis
2346 1773 2536 1855 pater
2579 1769 2722 1852 ejus
2767 1773 2955 1845 esset,

504 1790 672 1966 Ἐξ
692 1855 763 1971 {25
842 1873 958 1958 qui
1005 1895 1157 1939 cum
1204 1873 1475 1940 classica
1518 1871 1783 1937 cohorte
1830 1893 1982 1938 cum
2029 1871 2235 1938 Huba
2278 1877 2348 1936 et
2394 1870 2676 1935 Hinwar
2728 1870 2953 1936 venie-

502 1981 691 2035 repert.
843 1974 1044 2054 bant;
1104 1974 1253 2041 ideo
1297 1980 1486 2061 pater
1529 1995 1664 2039 non
1725 1974 1993 2059 penitus
2040 1971 2307 2037 Christo
2368 1971 2614 2037 servire
2674 1972 2951 2036 studuit.

843 2074 1044 2142 Porro
1086 2098 1251 2163 puer
1280 2076 1423 2153 Dei,
1455 2082 1808 2162 postquam
1854 2075 2183 2161 specimen
2200 2071 2236 2120 b
2282 2095 2419 2141 suae
2455 2073 2839 2160 juventutis
2868 2072 2955 2140 ad

504 2181 557 2232 S·
581 2183 752 2244 Mark,
763 2199 814 2236 x·
841 2178 1187 2243 servitium
1236 2177 1489 2243 Christi
1551 2176 1971 2251 subdidisset,
2018 2175 2293 2262 reliquit
2308 2189 2338 2223 0
2384 2181 2640 2261 patrem
2702 2180 2772 2241 et
2814 2195 2954 2239 ma-

839 2285 1009 2346 trem
1057 2286 1126 2354 et
1170 2281 1393 2347 omnia
1436 2301 1585 2367 quae
1630 2279 1772 2364 ejus
1824 2277 2050 2363 jurisd
2110 2283 2315 2355 erant,
2363 2283 2431 2344 et
2474 2277 2760 2345 adhaesit
2816 2277 2955 2345 cui-

838 2382 991 2447 dam
1037 2382 1417 2450 venerando
1481 2381 1684 2446 militi
1737 2380 1882 2445 Deo
1943 2378 2229 2444 fideliter
2288 2378 2599 2457 credenti,
2647 2387 2953 2446 onomate

506 2479 664 2530 AEthe
665 2480 789 2530 11101-
836 2483 1296 2560 AEthelhelmo,
1326 2505 1478 2550 cum
1509 2504 1642 2568 quo
1685 2482 1971 2568 gratiam
2017 2480 2279 2566 paterni
2308 2481 2585 2548 affectus
2625 2482 2904 2568 adeptus
2926 2495 2955 2529 0

500 2547 741 2665 &fig-{⁸
837 2591 952 2652 cst.
1033 2585 1442 2652 Mansitabat
1472 2606 1674 2672 penes
1691 2582 1717 2631 f
1747 2583 2031 2650 eundem
2063 2603 2274 2648 unum
2303 2584 2726 2670 perplurimis
2770 2606 2953 2651 men-

837 2689 1036 2767 sibuS,
1084 2709 1214 2775 quo
1277 2710 1319 2755 a
1372 2687 1657 2775 quodam
1720 2687 2026 2774 religioso
2089 2686 2238 2752 viro
2301 2686 2538 2754 didicit
2599 2687 2952 2753 nonnullos

837 2790 1110 2867 codices,
1157 2811 1390 2856 verum
1454 2789 1658 2855 etiam
1723 2810 1950 2855 veram
2015 2787 2356 2854 catholicae
2419 2788 2575 2853 fidei
2639 2788 2951 2876 regulam,

839 2901 910 2960 et
952 2897 1362 2961 sacramenta
1404 2897 1651 2959 sanctae
1695 2890 1931 2958 matris
1962 2890 2261 2958 ecclesiae.
2357 2889 2470 2958 Sic
2514 2913 2631 2978 per
2659 2890 2953 2978 singulos

499 2998 664 3076 [soor-
835 2995 1004 3061 soles
1023 3009 1059 3055 s
1118 2995 1371 3083 pollens
1424 2992 1807 3072 honoribus,
1856 2993 2143 3061 Levitici
2196 2993 2447 3060 ordinis
2505 2993 2789 3081 gratiam
2851 3000 2953 3059 est

496 3063 698 3114 Μή
834 3098 1164 3184 indeptus
1167 3096 1202 3144 ¹1
1338 3096 1678 3183 Praecepta
1751 3116 2015 3182 quoque
2089 3117 2283 3162 novae
2358 3095 2537 3183 legis,
2609 3117 2758 3182 quae
2834 3118 2954 3183 per

835 3199 1115 3268 Jhesum
1163 3199 1508 3268 Christum
1570 3200 1730 3266 data
1789 3203 1964 3277 sunt,
2029 3220 2422 3286 magnopere
2483 3198 2796 3277 servavit,
2843 3200 2951 3266 cui

835 3303 988 3391 Ipse
1035 3302 1455 3369 Gubernator
1498 3306 1569 3367 et
1612 3301 2018 3388 Redemptor
2082 3301 2233 3389 pius
2294 3301 2506 3388 plebis
2570 3300 2750 3367 fideli
2814 3323 2952 3368 ma-

824 3406 977 3491 jora
1022 3404 1198 3471 dona
1242 3403 1326 3470 ob
1373 3408 1556 3470 statu
1603 3402 1851 3468 mentis
1896 3401 2369 3489 perfectionem
2421 3403 2632 3470 cessit.
2727 3401 2954 3489 Coepit

836 3506 1076 3573 exinde
1140 3505 1417 3572 sollicite
1491 3504 1793 3592 egregius
1871 3503 2112 3569 Levita
2185 3526 2592 3571 summorum
2656 3506 2952 3571 virorum

507 3609 560 3661 S·
583 3607 734 3660 Mm-
837 3616 988 3677 acta
1062 3609 1265 3695 sequi,
1340 3580 1548 3674 nobili
1629 3606 2008 3694 intelligens
2077 3606 2389 3693 indagine
2458 3607 2792 3693 scriptum,
2870 3607 2952 3673 Si

705 3713 718 3726 ’
839 3710 998 3797 quis
1039 3709 1186 3778 vult
1241 3709 1551 3777 obvewbre
1603 3715 1756 3796 post
1800 3729 1922 3785 me,
1984 3707 2255 3795 abmyet
2316 3708 2761 3796 semtipsum,
2828 3710 2950 3776 tol·

839 3812 1066 3900 latqvae
1126 3833 1390 3879 crucem
1432 3831 1650 3889 sumn,
1698 3817 1758 3877 et
1821 3816 2148 3896 sequatur
2209 3831 2329 3876 me.
2447 3808 2730 3876 Studuit
2808 3815 2952 3877 tota

838 3914 1081 3979 mentis
1156 3913 1500 3979 conamine
1562 3912 1872 3999 practicae
1933 3911 2096 3978 vitae
2173 3910 2497 3978 desideria
2567 3910 2951 3998 relinquere,

839 4020 910 4082 et
952 4035 1253 4103 supernae
1297 4014 1576 4102 gloriam
1627 4012 1967 4080 felicitatis
2011 4012 2395 4079 medullitus
2442 4034 2749 4099 quaerere,
2781 4015 2955 4083 sicut

512 4122 715 4173 Coloss.
739 4122 814 4173 iii.
840 4115 1299 4185 celeberrimus
1350 4116 1655 4204 agonista
1697 4114 1947 4181 Paulus
2007 4116 2124 4193 ait,
2170 4137 2322 4204 quae
2387 4116 2717 4204 (sursum)
2772 4124 2950 4195 suad,

842 4218 982 4297 filii,
1014 4215 1309 4305 qum-‘im
1341 4237 1486 4284 ‘non
1531 4237 1682 4303 quoe
1726 4236 1932 4302 svper
1965 4223 2234 4285 terram.
2315 4215 2617 4305 Cumque
2646 4218 2952 4305 pueritiae

842 4326 914 4385 et
956 4318 1415 4386 adolescentiae
1460 4322 1723 4405 tempus
1753 4317 2200 4386 transcendiss
2248 4369 2512 4385 .....
2555 4319 2699 4406 Jam
2729 4320 2950 4388 aetatis

892 4463 914 4485 ⁸
927 4453 1369 4509 ,nomam-steini]
1387 4453 1634 4499 tribulatio
1644 4453 1844 4507 alicuius
1995 4463 2015 4484 ⁸
2038 4454 2236 4508 affeetu
2253 4454 2478 4509 adeptas]
2507 4457 2581 4504 ia.
2600 4456 2862 4505 dilectionis
2884 4457 2952 4501 in·

840 4517 1054 4569 hominis.
1065 4518 1227 4563 interl.
1944 4516 2125 4570 neptus,
2142 4518 2303 4563 interl.

891 4579 914 4609 δ
938 4579 1190 4633 mon]
1217 4579 1372 4629 decus,
1404 4578 1478 4625 vel
1510 4578 1744 4628 honorem.
1773 4581 1846 4622 inp
2001 4578 2019 4608 ¹
2030 4580 2197 4633 penes]
2222 4580 2369 4633 juzu,
2386 4581 2547 4627 murz.

841 4642 945 4688 ten.
1998 4650 2020 4682 ⁸
2043 4642 2184 4697 coloe]
2211 4643 2324 4695 dien.
2338 4645 2499 4691 interl.

892 4712 911 4735 θ
935 4703 1154 4759 nuqua]
1181 4704 1372 4754 dimisit.
1389 4704 1551 4749 murt.
1998 4704 2022 4733 ’-
2048 4704 2296 4760 indeptus]
2323 4706 2373 4751 ld
2388 4709 2461 4755 eut
2476 4710 2779 4760 oonoemnas.
2792 4708 2949 4752 interl.

891 4767 913 4795 ⁴¹
929 4766 1088 4819 jurio]
1117 4768 1378 4818 poto-taus.
1397 4766 1558 4811 inter-L
