3600 5800
372 2604 507 2658 Ibid.

1411 848 1731 900 Aue-ronu-
1774 848 2120 900 munao,
2672 836 2802 900 203

702 1041 898 1123 putas
944 1057 1061 1123 per
1103 1036 1237 1102 ista
1278 1035 1403 1102 hoc
1448 1035 1662 1115 officie,
1709 1041 1790 1102 ut
1835 1036 2095 1128 integra
2138 1035 2479 1124 provincia
2535 1035 2801 1122 penitus

702 1143 824 1205 tua
868 1138 1318 1205 dominatione
1363 1138 1678 1224 privetur.

1330 1375 1774 1462 [CAPITULUM
1828 1375 2186 1466 XXXIX]
2793 1470 2798 1476 q

795 1534 1101 1621 Namque
1169 1534 1447 1600 divertit
1489 1541 1641 1622 post
1683 1535 1827 1601 haec
1893 1545 1970 1600 ad
2017 1542 2384 1616 provinciam
2432 1540 2803 1599 Australium
2827 1550 2984 1600 From
3043 1587 3047 1598 .

2828 1617 3011 1667 thence

614 1642 630 1657 ⁶
705 1643 1016 1710 Saxonum,
1055 1662 1183 1716 quae
1226 1634 1342 1701 illo
1408 1636 1626 1703 adhuc
1690 1643 1984 1723 tempore
2045 1635 2321 1720 paganis
2368 1634 2657 1700 cultibus
2700 1635 2802 1699 in-
2830 1682 3038 1732 wilfrid

703 1736 1023 1816 sudabat3
1089 1737 1313 1822 ibique
1380 1738 1656 1804 verbum
1719 1739 1875 1805 fidei
1920 1736 2336 1825 praedicabat,
2375 1753 2436 1801 ot
2484 1736 2803 1803 credenti·
2829 1763 2951 1812 goes
2972 1756 3028 1799 to

703 1840 826 1905 bus
869 1847 1173 1903 lavacrum
1206 1848 1414 1904 salutis
1449 1849 1844 1906 ministrabat.
2834 1813 3042 1878 sufflex’

774 1937 919 1992 Erat
976 1939 1176 1991 autem
1235 1952 1343 1991 rex
1399 1937 1598 2008 gentis
1646 1935 1829 2002 illius,
1893 1925 2224 1991 Edilwalh
2247 1924 2272 1964 ¹
2344 1927 2627 2004 nomine,
2688 1953 2808 1992 non

703 2025 890 2081 multo
913 2030 1048 2081 ante
1083 2025 1417 2097 baptizatus
1453 2028 1517 2083 in
1550 2026 1855 2099 provincia
1895 2023 2281 2091 Meroiorum3
2341 2030 2402 2081 et
2440 2027 2665 2096 regina,
2703 2045 2803 2082 no-

706 2118 869 2173 mine
904 2118 1082 2184 Eabe,
1111 2118 1305 2172 fuerat
1341 2118 1641 2190 baptizata
1675 2119 1740 2173 in
1777 2137 1900 2185 sua,
1952 2110 2079 2175 hoo
2123 2115 2225 2175 est
2267 2118 2575 2190 provincia
2605 2118 2806 2194 ‘Huic-

707 2206 948 2262 ciorum.
995 2206 1204 2277 Itaque
1242 2202 1488 2266 Beatus
1533 2198 1894 2278 wilfridus,
1942 2207 2310 2272 concedente,
2337 2206 2519 2262 immo
2552 2207 2807 2264 multum

707 2296 1002 2369 gaudente
1037 2317 1198 2372 rege,
1237 2303 1458 2375 primos
1494 2300 1812 2373 provinciae
1848 2300 2027 2357 duces
2062 2317 2131 2356 ao
2183 2298 2407 2355 milites
2445 2316 2611 2355 sacro
2646 2300 2807 2356 fonte
2830 2306 2999 2357 where
3019 2307 3087 2359 he

708 2390 985 2447 abluebat
997 2414 1016 2457 ;
1072 2396 1399 2468 presbyteri
1445 2407 1601 2450 vero
1664 2386 1766 2450 sui
1814 2398 2090 2449 caeteram
2146 2392 2396 2464 plebem.
2504 2384 2807 2452 Antehac
2830 2381 3123 2505 ξὲἓξέἑθιθ

709 2485 887 2549 enim
933 2490 1078 2551 tota
1122 2488 1239 2554 illa
1263 2486 1288 2527 ²
1330 2487 1671 2574 provincia
1737 2486 1974 2551 Divini
2017 2485 2304 2550 nominis
2351 2490 2420 2552 et
2463 2485 2617 2551 fidei
2664 2493 2806 2554 erat
2885 2529 2890 2546 ι
3040 2457 3074 2506 p
3126 2477 3138 2491 ’

706 2587 951 2675 ignara,
1028 2597 1270 2677 praeter
1342 2614 1564 2680 regem
1640 2596 1709 2657 et
1783 2591 2098 2677 reginam.
2221 2597 2369 2652 Erat
2431 2594 2657 2656 tamen
2711 2601 2804 2656 ibi

706 2688 1021 2745 monachus
1070 2691 1309 2762 quidam
1359 2690 1433 2746 de
1483 2690 1718 2766 natione
1772 2689 2128 2754 Scottorum,
2174 2680 2441 2745 nomine
2505 2679 2801 2759 Diculm,

707 2777 929 2833 habens
966 2772 1435 2837 monasterium
1470 2778 1871 2851 permodicum
1906 2779 1971 2832 in
2005 2777 2133 2832 loco
2170 2776 2268 2848 qui
2305 2781 2550 2834 vocatur
2584 2780 2803 2835 Bosan-

708 2866 890 2933 ham,⁸
925 2868 1089 2927 silvis
1124 2871 1403 2948 marique
1454 2866 1914 2931 circumdatum;
1971 2871 2033 2923 et
2065 2865 2130 2921 in
2166 2883 2240 2927 eo
2286 2866 2497 2924 fratroe
2550 2867 2805 2940 quinque

709 2948 816 3012 vel
860 2975 961 3012 sex
1012 2959 1076 3016 in
1125 2960 1338 3015 humili
1385 2972 1463 3017 ac
1498 2975 1755 3031 paupere
1789 2958 1917 3012 vita
1951 2955 2207 3011 Domino
2243 2956 2609 3013 famulantes.
2689 2958 2806 3014 Sed

707 3034 907 3091 nullus
942 3039 1393 3109 provincialium
1445 3056 1644 3095 eorum
1679 3038 1777 3094 vel
1813 3037 1998 3092 vitam
2053 3036 2338 3102 aemulari,
2374 3036 2472 3093 vel
2525 3036 2804 3110 praedica·

706 3119 926 3174 tionem
960 3122 1201 3177 curabat
1236 3123 1559 3178 attendere.

778 3203 1204 3275 Evangelizans
1255 3211 1453 3261 autem
1505 3202 1672 3275 genti
1733 3202 2061 3273 episcopua,
2117 3219 2235 3256 non
2294 3201 2483 3257 solum
2544 3219 2673 3258 eam
2734 3204 2806 3259 ab

708 3302 971 3341 aerumna
1006 3292 1306 3358 perpetuae
1344 3285 1752 3349 damnationis,
1791 3299 2001 3341 verum
2037 3287 2097 3336 et
2120 3300 2157 3337 a
2180 3283 2345 3338 clade
2381 3283 2625 3339 infanda
2659 3289 2806 3340 tem-

705 3368 924 3439 poralis
956 3368 1230 3423 interitus
1264 3367 1498 3440 eripuit.
1550 3365 1853 3437 Siquidem
1886 3363 2080 3418 tribus
2114 3363 2281 3419 aunis
2316 3369 2452 3419 ante
2486 3365 2807 3422 adventum
2828 3375 2885 3427 A
2906 3377 3126 3442 ‹ll-ought

707 3446 835 3517 ejus
869 3446 933 3500 in
967 3448 1328 3517 provinciam
1363 3445 1530 3501 nulla
1563 3444 1683 3499 illis
1719 3445 1785 3497 in
1819 3442 1966 3499 locis
1991 3442 2193 3514 pluvia
2216 3442 2507 3498 ceciderat
2520 3466 2539 3508 ;
2577 3459 2805 3522 quam-
2831 3443 2875 3494 is
2897 3444 3121 3509 brought

707 3526 932 3591 obrem
979 3534 1160 3588 fames
1213 3532 1593 3589 acerbissima
1641 3531 1874 3603 plebem
1927 3523 2274 3600 invaserat,
2320 3544 2398 3589 ac
2445 3532 2629 3604 impia
2662 3552 2806 3592 nece
2831 3518 2886 3561 ω
2909 3526 2975 3561 ²²¹²
2996 3512 3112 3562 ⁰¹¹⁶·

708 3617 1170 3702 prostraverat.
1263 3619 1533 3689 Denique
1570 3618 1786 3682 ferunt,
1829 3617 1966 3689 quia
2013 3636 2167 3690 saepe
2206 3620 2596 3692 quadraginta
2631 3623 2809 3680 simul

711 3712 816 3760 aut
866 3701 1299 3775 quinquaginta
1348 3699 1634 3763 homines,
1674 3696 1874 3751 inedia
1926 3699 2228 3765 macerati,
2282 3700 2358 3755 ad
2409 3701 2807 3773 praecipitium

711 3783 949 3854 aliquod
1002 3782 1127 3837 sive
1176 3781 1371 3852 ripam
1419 3778 1603 3834 maris
1677 3768 2130 3854 procedebant,
2195 3784 2255 3835 et
2307 3781 2534 3851 junctis
2593 3783 2807 3839 misere

709 3862 1000 3927 manibus,
1058 3860 1280 3933 pariter
1334 3874 1535 3914 omnes
1583 3864 1686 3913 aut
1732 3858 1910 3912 ruina
1957 3857 2225 3929 perituri,
2264 3866 2366 3915 aut
2400 3860 2674 3918 fluctibus
2709 3864 2809 3919 ab-

708 3954 984 4013 sorbendi
1028 3945 1431 4012 decidebant.
1522 3948 1747 4007 Verum
1771 3950 1900 4021 ipso
1936 3949 2050 4015 die,
2085 3967 2201 4023 quo
2235 3943 2637 4031 baptismum
2671 3955 2808 4011 fidei

709 4064 857 4120 gens
909 4044 1187 4117 suscepit,
1235 4035 1322 4101 ad
1365 4054 1585 4121 preces
1629 4030 1859 4097 eximii
1902 4032 2109 4118 patris
2169 4042 2372 4114 pluvia
2421 4059 2645 4111 serena,
2703 4046 2808 4101 sed

710 4142 964 4214 copiosa,
1004 4138 1327 4196 descendit.
1402 4135 1690 4192 Refioruit
1724 4138 1917 4203 terra;
1973 4133 2152 4190 rediit
2204 4133 2597 4191 viridantibus
2651 4137 2808 4193 arvis

708 4239 897 4277 annus
929 4222 1099 4277 laetus
1121 4238 1190 4275 ac
1214 4217 1483 4289 frugifer.
1547 4216 1779 4288 Sioque,
1806 4214 2036 4287 abjecta
2070 4215 2485 4287 superstitione
2513 4209 2804 4294 antiqua,

713 4302 1013 4357 exsufflata
1058 4299 1406 4363 idololatria,
1461 4314 1560 4352 cor
1621 4295 1884 4359 omnium
1932 4299 1993 4351 et
2053 4312 2189 4350 caro
2256 4296 2698 4352 exsultaverunt
2747 4298 2808 4353 in
2831 4318 2917 4368 pfl,
2941 4316 3103 4371 1⁸13,

711 4387 909 4442 Deum
929 4385 1162 4450 vivum3
1202 4381 1604 4454 intelligentes
1638 4381 1812 4445 Eum,
1850 4379 1952 4450 qui
1986 4397 2163 4436 verus
2201 4382 2291 4435 est
2337 4379 2521 4445 Deus,
2561 4386 2622 4437 et
2655 4380 2809 4439 inte·
2834 4390 2883 4436 3.

711 4468 963 4525 rioribus
999 4471 1060 4522 et
1097 4465 1484 4522 exterioribus
1521 4482 1583 4520 se
1620 4463 1788 4519 bonis
1823 4463 2018 4535 gratia
2052 4461 2279 4519 coelesti
2315 4462 2560 4520 ditasse.

779 4648 795 4681 ι
827 4642 1111 4710 mama]
1139 4642 1405 4703 Eunu-ald,
1426 4641 1496 4692 A.
1871 4639 1893 4673 ⁸
1926 4639 2154 4690 Bosham
2176 4639 2227 4689 in
2249 4639 2458 4699 sussex.
2551 4620 2555 4629 '

775 4727 817 4809 ἦ
833 4724 954 4792 ma]
979 4724 1109 4790 ipsa,
1129 4723 1198 4774 A.
1221 4721 1284 4772 B.
