3600 5800
1253 902 1566 957 morona
1614 856 1830 957 subto
1875 908 2246 959 srspnmo
2715 899 2800 965 49

712 1095 743 1121 “
784 1092 928 1167 tem,
1004 1089 1363 1157 secundum
1425 1099 1826 1179 praeceptum
1903 1094 2046 1171 Dei,
2110 1095 2353 1181 populo
2418 1095 2794 1173 Israeliffico,
2821 1108 2953 1160 Acts
2969 1110 3057 1161 vii.
3086 1117 3130 1161 s.

710 1186 741 1223 “
782 1193 891 1276 qui
934 1192 1160 1260 accola
1203 1192 1334 1258 fuit
1375 1193 1461 1260 ‘im
1520 1203 1700 1262 terra
1759 1196 2011 1274 aliem,
2057 1197 2436 1275 auxiliatus,
2484 1201 2792 1279 enutrivi,

708 1300 738 1324 “
779 1300 843 1359 et
886 1294 1177 1365 ‘exaltavi
1241 1296 1312 1361 in
1375 1296 1636 1375 bonum,
1683 1304 1753 1362 et
1813 1319 1948 1363 non
2012 1298 2083 1362 in
2145 1299 2393 1365 malum
2462 1308 2792 1383 vestrum;

707 1403 735 1425 “
778 1400 851 1461 ut
910 1396 1270 1463 aedificator
1332 1398 1611 1477 urbium,
1680 1400 2046 1465 consolator
2105 1401 2367 1479 civium,
2415 1402 2791 1469 consiliator

706 1504 734 1527 ‘⁴
776 1517 1015 1577 senum,
1038 1499 1337 1565 defensor
1365 1498 1490 1565 Dei
1523 1501 1956 1580 ecelesiam,
1988 1503 2060 1566 in
2089 1505 2354 1568 nomine
2377 1500 2664 1584 Domini,
2689 1528 2786 1572 se-

703 1608 731 1630 “
774 1601 1056 1665 cundum
1086 1599 1250 1686 Ejus
1280 1602 1686 1687 promissum,
1719 1609 1905 1669 esset.
1984 1603 2042 1669 Ο
2074 1605 2435 1671 rectissime
2472 1607 2784 1693 episcope,

702 1709 730 1734 “
773 1704 928 1786 quid
972 1703 1157 1768 aliud
1210 1702 1503 1769 habuisti
1562 1704 1812 1783 facere„
1836 1706 1892 1769 si
1940 1707 2094 1771 exul
2156 1708 2237 1772 de
2280 1728 2516 1793 genere
2561 1716 2784 1775 nostro

700 1812 727 1835 “
770 1811 836 1869 et
856 1804 881 1844 ¹
947 1806 1195 1871 semine
1269 1798 1451 1892 regio'
1508 1808 1596 1872 ad
1657 1809 2076 1875 sanctitatem
2141 1816 2326 1876 tuam
2393 1814 2780 1898 perveniret,

699 1914 727 1937 “
769 1928 962 1991 quam
1006 1907 1185 1993 quod
1230 1904 1469 1994 ego‘in
1512 1908 1798 1974 Domino
1845 1909 1970 1975 feci
1993 1910 2060 1976 Y’

776 2007 1138 2096 Respondit
1200 2011 1554 2097 episcopus,
1605 2020 1639 2046 “
1655 2011 1997 2081 Dom'e'mus
2038 2015 2370 2082 custodiat
2413 2016 2780 2086 introitum
2807 2023 2830 2095 ,¹
2862 2018 3049 2072 chron.

696 2120 725 2142 “
767 2112 1012 2193 tuwmf
1058 2118 1128 2178 et
1170 2112 1437 2198 reliqua.
1533 2113 1636 2191 Et,
1700 2113 1873 2180 “Vae
1933 2116 2098 2181 mihi
2159 2119 2499 2204 peccatori,
2546 2120 2632 2185 da
2675 2122 2775 2184 in-
2801 2091 3114 2234 ἷῇἐξῇὡορ

532 2218 543 2227 ’
665 2222 723 2245 ·“
766 2213 1186 2300 dulgentiam,
1250 2214 1475 2300 quod-,²
1544 2217 1911 2282 secundum
1995 2218 2241 2284 Judam
2319 2220 2772 2306 patriarcham,
2800 2230 2911 2280 bide
2934 2233 3040 2282 him

695 2316 954 2381 “video
1028 2324 1096 2381 te
1159 2316 1370 2382 multo
1428 2317 1778 2402 justiorem
1847 2340 1952 2384 me
2015 2341 2167 2385 esse.
2279 2321 2387 2427 5²³⁶st
2450 2320 2772 2390 Dominus
2800 2296 3110 2426 geogspeed.

693 2425 721 2448 ‘⁶
764 2417 1113 2494 vobiscum,
1182 2425 1250 2484 et
1319 2418 1600 2486 Sanctus
1668 2419 1904 2486 Petms
1967 2420 2324 2509 Apostolus
2388 2425 2459 2489 in
2520 2426 2772 2495 auxilio
2799 2442 3012 2495 xxxviii.
3030 2451 3108 2497 25,

693 2524 721 2554 “
756 2519 1026 2588 vestrof'

1318 2724 1761 2812 [CAPITULUM
1808 2698 2148 2817 xxxiv]

650 2858 659 2863 ‚
731 2882 820 2951 De
862 2907 933 2952 eo
978 2880 1155 2972 quod
1199 2904 1313 2950 ‘rex
1355 2883 1742 2971 contempsit
1772 2883 2052 2970 juvia-fia
2100 2884 2492 2974 Apostolicae
2537 2887 2721 2955 seclis.

762 3060 1018 3127 Deinde
1062 3059 1260 3146 longa
1318 3059 1534 3146 spatia
1593 3065 1913 3125 terrarum
1976 3079 2343 3148 peragrans,
2406 3062 2532 3129 Dei
2580 3063 2687 3149 adj
2695 3085 2767 3129 u·
2797 3073 3004 3126 wilfrid

677 3164 855 3240 torio,
902 3163 975 3227 in
1018 3161 1285 3247 navigio
1332 3160 1530 3227 maris
1576 3162 2100 3247 magnitudinem
2147 3184 2474 3250 superans,
2522 3164 2766 3232 illaesus
2791 3142 3041 3273 ffiffgffi'd·

674 3285 816 3329 cum
862 3263 1167 3330 omnibus
1221 3263 1433 3328 evasit
1491 3263 1577 3327 ad
1637 3262 1969 3350 regionem
2029 3265 2377 3351 propriam,
2425 3267 2496 3330 in
2541 3268 2762 3332 subdi-

672 3373 885 3433 torum
917 3385 1185 3433 suorum
1214 3365 1414 3431 taedio
1445 3364 1919 3451 languentium,
1952 3371 2021 3432 et
2064 3366 2151 3432 ad
2181 3366 2541 3434 Dominum
2560 3367 2586 3408 ⁸
2614 3389 2763 3436 cum

669 3470 1019 3557 lachrymis
1063 3467 1508 3546 clamantium,
1540 3469 1906 3533 maximum
1950 3468 2285 3555 gaudium,
2333 3470 2478 3536 vita
2523 3473 2760 3538 comite

664 3556 950 3652 'veniens
999 3571 1318 3638 vexillum
1378 3571 1674 3637 victoriae
1739 3570 1969 3648 ferens,
2031 3571 2155 3639 hoc
2215 3580 2316 3639 est
2360 3573 2757 3662 Apostolicae
2849 3625 2858 3630 „

666 3677 834 3742 sedis
871 3676 1198 3762 judicium
1245 3693 1463 3740 secum
1496 3673 1862 3759 deportans,
1895 3673 2160 3760 pacifice
2211 3675 2507 3764 salutans
2537 3699 2755 3765 regem

663 3779 864 3859 adiit3
908 3779 1175 3866 regique
1206 3775 1547 3842 humiliter
1577 3775 1823 3861 scripta
1854 3775 2248 3862 Apostolicae
2288 3778 2459 3848 sedis
2481 3780 2751 3865 judicia,

662 3903 808 3949 cum
852 3882 1061 3948 totius
1120 3878 1412 3967 synodus
1473 3899 1789 3944 consensu
1852 3882 1921 3943 et
1966 3877 2456 3965 subscriptione,
2534 3888 2749 3948 osten-

661 3984 834 4062 dens,
882 4002 1031 4051 cum
1075 3980 1275 4047 bullis
1321 3985 1389 4046 et
1433 3977 1667 4067 sigillis
1712 3979 1991 4065 signatis
2034 3979 2339 4047 reddidit.

608 4111 619 4123 ·
744 4084 1002 4150 Deinde
1048 4082 1384 4148 .omnibus
1460 4080 1866 4166 principibus
1955 4080 2199 4147 ibidem
2275 4082 2747 4164 habitantibus,
2773 4096 2875 4145 aud
2896 4097 3061 4148 shown

657 4207 907 4254 necnon
951 4186 1157 4252 servis
1219 4184 1346 4249 Dei
1412 4184 1483 4248 in
1545 4182 1760 4249 locum
1823 4183 2204 4269 synodalem
2266 4186 2608 4265 accersitis,
2661 4188 2747 4254 ad
2773 4161 3088 4284 {223⁰oeae

657 4287 983 4354 audienda
1041 4284 1380 4352 salutifera
1438 4283 1724 4362 consilia,
1772 4283 1858 4349 ab
1916 4284 2296 4372 Apostolica
2355 4287 2507 4353 sede
2551 4309 2748 4357 causa
2772 4299 2934 4376 synod·
2956 4306 3012 4349 to

656 4390 830 4474 poeis
875 4387 1293 4456 ecclesiarum
1348 4385 1740 4454 transmissa.
1836 4384 2190 4471 Postquam
2237 4409 2391 4453 vero
2443 4389 2744 4474 quaedam
2769 4359 3023 4479 {lssgmg’

657 4487 943 4556 difficilia
987 4488 1112 4554 sibi
1159 4493 1227 4553 et
1272 4509 1407 4552 suae
1440 4485 1767 4551 voluntati
1815 4487 2141 4553 contraria
2170 4487 2340 4554 lecta
2374 4490 2741 4572 audierunt,

2049 4650 2060 4654 -
2081 4649 2244 4656 ..μ-...ἓ

651 4649 819 4659 a..
842 4652 903 4658 ---
926 4651 1063 4658 ’.ψ-ἠ

720 4734 738 4766 ¹
774 4733 846 4800 et]
876 4745 958 4797 ex,
978 4736 1047 4785 A.
1803 4734 1825 4766 ⁸
1859 4729 2149 4801 Dominum]
2180 4735 2369 4799 Deum,
2391 4737 2460 4790 A.

720 4814 741 4842 ³
770 4812 922 4879 ΨΜ]
952 4812 1089 4882 qnia,
1116 4815 1181 4866 A·
1320 4837 1329 4844 “
1683 4747 1695 4882 Ι

2427 4913 2476 4963 D
