3600 5800
450 2447 616 2508 Beda,
638 2444 710 2495 iii.

451 2518 535 2562 25.

1466 904 1785 954 Auo-tons
1831 903 2176 953 munao.
2764 887 2887 957 171

784 1094 922 1158 suis
985 1093 1362 1159 doctoribus
1406 1099 1760 1179 acceperat.
1860 1092 2061 1157 Porro
2106 1113 2383 1178 sequens
2420 1091 2693 1178 potioris
2737 1090 2890 1156 fidei

799 1194 1149 1280 privilegio
1211 1194 1500 1280 primum
1563 1194 1951 1280 praecedens
2020 1193 2335 1259 Romanae
2380 1199 2448 1258 et
2498 1192 2891 1257 universalis

789 1294 1075 1360 ecclesiae
1119 1296 1326 1359 ritum
1371 1295 1678 1360 omnibus
1737 1300 2066 1360 antestare
2113 1299 2329 1360 ratum
2391 1294 2692 1360 habebat.
2785 1294 2888 1358 Si·
2915 1295 3127 1347 Wilfrid
3149 1298 3196 1347 is

790 1398 1057 1483 quidem
1119 1398 1724 1465 Christianissimus
1785 1405 1855 1464 et
1913 1398 2330 1464 doctissimus
2374 1398 2481 1461 vir
2524 1397 2886 1474 wilfridus,
2914 1364 3224 1493 {lxm

791 1499 907 1583 qui
952 1504 1023 1563 et
1082 1499 1325 1577 Romae,
1372 1505 1453 1565 ut
1513 1499 1960 1586 praediximus‚
2008 1495 2461 1565 ecclesiasticae
2523 1498 2888 1584 disciplinae
2914 1496 3132 1547 catholic

787 1602 1000 1666 multa
1043 1603 1435 1670 documenta
1492 1608 1845 1689 acceperat,
1893 1608 1962 1668 et
2005 1624 2204 1688 penes
2256 1601 2597 1666 Dalfinum
2643 1601 2888 1667 Gallia-
2915 1577 3088 1626 ’Μεθ’

787 1725 934 1768 rum
998 1704 1373 1789 pontificem
1439 1704 1750 1790 Lugduni
1814 1703 2150 1768 nonnullis
2194 1703 2492 1766 imbutus
2537 1702 2890 1781 extiterat;

786 1827 938 1870 eum
983 1827 1102 1870 suo
1164 1805 1541 1891 magisterio
1586 1804 1967 1871 rationabili
2029 1810 2228 1888 atque
2289 1802 2612 1868 catholica
2671 1803 2886 1867 erudi-
2947 1827 2952 1834 ·

787 1907 968 1971 tione
1013 1905 1498 1982 informaverat,
1547 1927 1624 1971 ac
1668 1904 2113 1981 informatum,
2160 1904 2342 1968 omni
2385 1903 2889 1989 scrupulositate

790 2007 1066 2083 sublata,
1113 2006 1187 2069 in
1231 2027 1406 2069 verse
1451 2005 1607 2071 fidei
1652 2004 2019 2070 stabilitate
2064 2005 2456 2069 firmaverat.

1528 2214 1993 2350 ⁰[GAP1TULUM
2039 2266 2149 2351 X.]

883 2433 1056 2498 Mota
1103 2458 1264 2514 ergn,
1329 2438 1408 2497 ut
1470 2431 1731 2519 praefati
1800 2453 2044 2510 sumus,
2105 2439 2422 2514 quaestione
2459 2441 2532 2496 de
2595 2430 2893 2497 Paschali
2921 2435 2974 2485 A
2997 2436 3159 2499 synod

792 2523 1263 2599 observatione,
1296 2530 1644 2602 dispositum
1679 2534 1790 2595 est,
1829 2535 1898 2585 ut
1948 2530 2202 2601 synodus
2254 2521 2414 2607 cogi,
2456 2534 2518 2586 et
2551 2529 2675 2585 haec
2711 2547 2893 2600 quaes-
2921 2501 3124 2618 ¹¹⁸ssqu
3141 2502 3228 2551 th⁰

788 2622 875 2677 tio
901 2620 1139 2679 deberet
1184 2611 1511 2688 ventilari,
1556 2618 2006 2696 terminarique.
2097 2619 2515 2690 Veneruntque
2549 2617 2653 2672 illo
2669 2617 2686 2650 ¹
2723 2633 2894 2688 reges
2921 2583 2981 2618 su
3013 2584 3033 2633 ³
3122 2603 3137 2619 ’

790 2711 981 2777 ambo,
1020 2715 1192 2782 pater
1225 2710 1454 2766 scilicet
1503 2714 1565 2766 et
1596 2709 1772 2779 filius,
1860 2721 2254 2786 magnopore
2315 2700 2753 2785 deprecantem,
2815 2703 2896 2762 ut

792 2803 886 2868 eis
929 2803 1155 2867 adesse
1201 2802 1585 2888 dignaretur
1632 2801 1923 2887 Spiritus
1970 2801 2267 2867 Sanctus.
2383 2799 2590 2865 Venit
2633 2820 2894 2886 quoque

782 2907 924 2992 jam
970 2907 1185 2973 dictus
1229 2906 1567 2971 Ailbortus
1620 2906 1915 2983 antistes
1962 2905 2206 2969 Alfi-idi
2251 2912 2412 2983 regis
2457 2911 2695 2976 amicus,
2743 2924 2892 2969 cum
2919 2911 3160 2988 Agilbert

795 3010 1001 3075 Beato
1047 3009 1371 3086 WilfridO,
1419 3015 1490 3074 et
1540 3031 1659 3075 suo
1711 3009 2077 3096 Agathone,
2131 3006 2547 3094 presbyteris.
2644 3006 2894 3071 Contra
2917 2980 3023 3093 {ll-²}
3039 2980 3212 3095 amba

792 3135 953 3199 quos
985 3112 1389 3178 Colmannus
1434 3136 1570 3174 cum
1604 3119 1725 3175 suis
1749 3118 1982 3175 clericis
2026 3110 2229 3186 venit,
2262 3115 2332 3174 et
2376 3108 2648 3174 Hildem
2692 3108 2891 3175 abba-
2918 3125 3014 3160 0¹²2
3038 3111 3164 3171 side,

791 3216 1038 3292 tissam‚
1084 3220 1279 3279 sectae
1326 3234 1463 3277 suae
1507 3211 1869 3289 fautricem,
1916 3232 2066 3277 cum
2111 3211 2259 3276 aliis
2313 3210 2611 3296 pluribus
2672 3232 2892 3276 secum
2917 3177 3230 3295 ἓζιῗῇἷὲῃ

789 3319 862 3382 in
906 3317 1232 3402 synodum
1279 3313 1491 3379 duxit.

883 3418 1163 3482 Silentio
1225 3417 1451 3499 itaque
1513 3413 1703 3491 fact0‚
1757 3414 1971 3500 primo
2032 3434 2152 3477 rex
2219 3414 2482 3478 Oswius
2551 3421 2893 3493 praefatione
2921 3421 3059 3488 King
3074 3422 3230 3499 quy

791 3526 1094 3600 praemissa
1154 3518 1277 3583 tali
1321 3517 1532 3582 fertur
1573 3516 1768 3580 modo
1828 3514 2125 3579 locutus:
2192 3521 2226 3547 “
2256 3514 2612 3591 Hactenus,
2676 3518 2894 3599 patres
2919 3490 3230 3605 {gffiffnffssor

796 3626 830 3653 “
874 3618 1248 3696 venerandi,
1313 3616 1596 3682 schisma
1656 3616 1729 3680 in
1792 3616 2078 3682 ecclesiis
2133 3616 2385 3681 Christi
2446 3619 2749 3681 exortum
2819 3637 2893 3681 eo
2920 3620 3112 3685 calling
3139 3621 3228 3673 the

796 3728 830 3756 “
875 3721 1191 3805 quosdam
1239 3719 1462 3784 minus
1491 3718 1765 3784 veritati
1809 3717 2150 3783 studentes
2194 3718 2524 3804 perduxit,
2555 3724 2636 3783 ut
2673 3718 2776 3783 bis
2822 3718 2895 3782 in
2920 3687 3101 3750 synod,

796 3830 830 3858 “
873 3844 1048 3888 anno
1112 3822 1316 3909 (quod
1361 3822 1544 3887 dictu
1590 3842 1850 3906 quoque
1910 3820 2094 3885 nefas
2138 3842 2275 3885 esse
2321 3821 2660 3906 probatur)
2710 3842 2892 3887 sanc-

795 3934 829 3961 “
875 3931 1021 3990 tum
1064 3924 1315 3991 Pascha
1357 3924 1448 3989 sit
1491 3923 1888 3989 celebratum
1920 3947 1938 4003 ;
1982 3922 2168 4007 cujus
2221 3927 2442 3987 tamen
2490 3922 2585 3986 rei
2631 3943 2893 3988 causam

797 4037 831 4064 “
861 4028 1041 4093 'bene
1086 4026 1664 4104 considerantibus,
1695 4047 1830 4090 non
1874 4025 2036 4091 adeo
2067 4025 2308 4090 mirum
2354 4025 2635 4090 videtur.
2712 4024 2892 4089 Dum

797 4138 832 4166 “
875 4129 1053 4196 enim
1119 4130 1246 4215 ipsi
1320 4129 1558 4194 arietes
1645 4128 1773 4193 iter
1842 4128 2174 4193 diversum
2255 4128 2601 4213 arripiunt,
2665 4149 2893 4214 greges

798 4242 832 4267 “
877 4234 1076 4298 etiam
1140 4239 1289 4319 post
1354 4255 1423 4297 se
1485 4232 1699 4296 diviso
1755 4232 2022 4297 tramite
2085 4233 2371 4318 rapiunt.
2492 4232 2630 4297 Ubi
2700 4232 2893 4318 plane

797 4344 831 4371 “
875 4336 1203 4402 miseriam
1278 4342 1380 4401 est
1440 4335 1681 4413 videre,
1746 4357 1894 4400 cum
1957 4334 2044 4399 ad
2109 4356 2384 4421 regnum
2448 4334 2564 4399 via
2629 4335 2894 4399 sibimet

796 4447 832 4474 “
875 4439 1201 4505 contraria
1243 4438 1545 4515 tendunt,
1593 4458 1723 4523 quo
1769 4437 2101 4502 communi
2163 4436 2498 4523 proposito
2544 4437 2698 4502 fidei
2746 4459 2891 4523 pro-

796 4551 832 4577 “
874 4563 1099 4628 perare
1146 4541 1588 4619 contendunt;
1633 4541 1747 4625 qui
1779 4540 1958 4605 viam
2004 4539 2421 4605 individuam
2467 4540 2892 4626 perveniendi
