3600 5800
769 865 901 928 234
1337 908 1358 923 0
1439 880 1973 940 Banvmoomtm
2018 881 2200 930 111-115

432 1070 518 1121 He
533 1075 742 1125 tenches
770 1084 906 1129 non
949 1064 1349 1149 praebebant.
1463 1064 1635 1130 Cum
1674 1086 1833 1130 vero
1878 1066 2281 1151 praedicante
2324 1067 2532 1133 Beato
2571 1068 2877 1134 Wilfrido

430 1137 685 1271 Ehffigtiv
687 1157 742 1192 ΘΒ
768 1166 1207 1282 suscepissent
1251 1166 1528 1232 verbum
1590 1166 1734 1245 Dei,
1779 1187 1940 1232 mox
1983 1168 2071 1232 ad
2130 1188 2355 1252 preces
2416 1169 2559 1254 ejus
2616 1170 2875 1236 siccitas

764 1268 933 1332 aeris
993 1268 1067 1332 in
1119 1268 1435 1354 pluviam,
1505 1274 1575 1333 et
1635 1269 1952 1334 sterilitas
2014 1275 2205 1335 terrae
2264 1271 2339 1335 in
2400 1271 2874 1338 fecunditatem

765 1371 1161 1434 demutatur.
1284 1370 1407 1434 Vir
1469 1371 1608 1456 ipse
1676 1392 1827 1436 cum
1891 1371 2028 1435 suis
2071 1393 2317 1458 gnarus
2380 1374 2695 1459 piscandi,
2742 1395 2878 1440 non

763 1472 976 1537 solum
1022 1472 1116 1537 eis
1160 1472 1368 1557 pisces
1427 1473 1517 1536 ad
1558 1472 1815 1538 victum
1876 1474 2227 1551 ministrat,
2273 1475 2389 1539 sed
2450 1481 2520 1540 et
2577 1476 2876 1561 piscandi

763 1573 1071 1688 peritiam
1123 1574 1376 1653 tradit3
1420 1575 1642 1659 sicque
1703 1575 1778 1637 in
1823 1574 2028 1651 brevi,
2076 1576 2429 1641 destructis
2491 1577 2872 1655 simulacris,

429 1688 580 1753 They
762 1674 1072 1760 omnique
1117 1676 1606 1761 superstitionis
1653 1698 1868 1741 errore
1898 1676 2175 1755 sublate,
2207 1682 2418 1742 totam
2464 1679 2871 1762 provinciam

429 1756 656 1871 &13³1ssss
624 1837 732 1872 asu
764 1772 1161 1840 Christianae
1219 1776 1525 1861 religioni
1586 1777 1907 1862 subjecit3
1952 1777 2207 1862 sibique
2266 1776 2748 1843 habitationem
2792 1800 2872 1844 80

761 1877 982 1941 sedem
1029 1878 1458 1964 episcopalem
1504 1879 1578 1942 in
1624 1878 1912 1943 Seleseia
1938 1878 2111 1944 fecit.
2204 1878 2341 1943 Ubi
2372 1901 2521 1944 011111
2565 1902 2682 1965 per
2725 1903 2870 1967 sep-

763 1984 899 2043 tem
929 2000 1139 2044 annos
1170 1982 1452 2066 degeret,
1489 2002 1569 2046 80
1611 2002 1729 2066 per
1765 1981 1990 2046 omnia
2033 1981 2392 2047 secundum
2436 1982 2653 2047 Deum
2698 1983 2871 2068 epis-

762 2081 986 2167 copale
1032 2080 1318 2148 officium
1359 2083 1814 2148 decentissime
1860 2089 2130 2169 gereret,
2161 2084 2402 2150 accidit
2446 2090 2526 2149 ut
2570 2084 2873 2151 chridus

763 2182 838 2245 in
882 2182 1219 2248 Pictorum
1279 2183 1621 2268 provincia
1675 2184 1848 2248 bello
1894 2185 2113 2249 victus
2173 2186 2600 2251 occumberet.
2725 2186 2872 2267 Quo

426 2293 590 2341 Peace
611 2294 697 2369 bq-
761 2289 1038 2361 mortuo,
1071 2285 1466 2350 venerandae
1511 2285 1846 2350 memoriae
1894 2287 2310 2371 supradictus
2340 2289 2618 2352 antistes
2662 2288 2871 2353 Theo-

424 2356 734 2474 ggegnngvfl-
761 2385 958 2451 dorus
1008 2387 1290 2452 Beatum
1331 2385 1717 2451 Wilfridum
1757 2387 1848 2450 ad
1876 2409 1945 2452 se
1991 2389 2377 2454 accersitum
2424 2389 2498 2452 in
2542 2390 2871 2475 episcopa-

422 2488 704 2541 Theodoro.
759 2492 908 2551 tum
961 2509 1157 2550 suum
1217 2487 1531 2563 restituit,
1578 2487 1804 2573 ejectis
1867 2489 2186 2574 episcopis
2232 2490 2472 2573 quibus
2524 2491 2667 2574 jam
2712 2492 2871 2556 olim

762 2589 1210 2673 episcopatum
1270 2587 1478 2672 ipsius
1524 2610 1675 2651 eum
1737 2590 2152 2679 distribuisse
2211 2592 2657 2675 praediximus
2781 2594 2873 2658 Et

758 2687 1007 2752 factum
1053 2693 1154 2750 est
1197 2692 1277 2749 ut
1322 2686 1639 2770 quamdiu
1686 2694 1837 2771 post
1881 2688 2025 2752 haec
2055 2689 2432 2753 Theodorus
2477 2691 2867 2776 supervixit,

757 2776 904 2874 pax*
938 2793 1007 2852 et
1050 2787 1395 2852 concordia
1438 2787 1615 2851 inter
1657 2787 1835 2873 ipsos
1882 2789 2287 2854 venerabiles
2347 2796 2567 2874 patres
2613 2814 2869 2878 semper

757 2889 1080 2955 inviolata
1139 2895 1565 2975 permaneret.
1689 2889 1826 2955 Sed
1868 2911 2019 2955 cum
2078 2897 2230 2976 post
2274 2892 2609 2958 decessum
2655 2893 2865 2961 Theo-

758 2989 902 3054 dori
947 2989 1380 3054 Birhtualdus
1439 2990 1512 3053 in
1555 2991 2077 3076 patriarchatum
2121 2991 2384 3078 Angliae
2437 2995 2863 3074 successisset,

421 3104 532 3153 The
556 3120 676 3154 con-
760 3096 830 3155 et
873 3092 1174 3176 generale
1222 3090 1572 3157 concilium
1618 3091 2068 3179 episcoporum
2127 3094 2571 3172 coadunasset,
2620 3096 2863 3162 iterum

417 3169 661 3287 {2¹32ng
758 3192 1120 3271 wilfi-idus,
1168 3195 1249 3259 de
1294 3194 1745 3259 inobedientia
1788 3201 2147 3273 aecusatus,
2196 3197 2530 3282 depositus
2575 3204 2690 3264 est.
2768 3201 2865 3265 At

419 3314 629 3365 wilfi-id
757 3294 869 3359 ille
901 3295 1181 3361 Romam
1230 3296 1604 3374 revertitur,
1650 3302 1851 3381 atque
1898 3298 2258 3362 secundum
2305 3299 2480 3383 quod
2526 3321 2726 3385 supra
2762 3324 2861 3366 re-

417 3383 622 3498 ffil’g‘e‘l‘
643 3391 698 3432 ω
755 3396 1034 3462 tulimus
1080 3420 1231 3463 eum
1277 3397 1476 3463 aliam
1521 3420 1785 3463 causam
1834 3419 2027 3463 suam
2074 3399 2400 3485 peregisse
2445 3422 2661 3466 coram
2691 3424 2866 3488 papa

582 3486 594 3498 ’
754 3497 1122 3583 Agathone,
1171 3499 1309 3584 egit
1352 3506 1420 3564 et
1463 3499 1590 3565 hoc
1631 3500 1974 3586 negotium
2036 3522 2229 3564 suum
2283 3523 2500 3567 eoram
2552 3505 2866 3588 pontifice

753 3599 1152 3685 Apostolicee
1198 3601 1370 3665 sedis
1400 3601 1448 3665 ,J
1447 3602 1744 3680 ohanne
1783 3601 2114 3685 similique
2160 3609 2383 3667 tenore
2430 3604 2717 3682 auditus,
2749 3608 2863 3671 ab·

755 3699 1026 3777 solutus,
1074 3700 1384 3765 dimissus
1428 3709 1544 3766 est.

418 3822 666 3872 Wilffid’s
847 3812 1147 3929 Cumque
1211 3822 1276 3877 in
1334 3821 1617 3889 Meldum,
1669 3823 1968 3880 civitatem
2029 3823 2254 3888 Galliae,
2301 3820 2607 3898 venisset,
2670 3821 2858 3906 gravi
2886 3831 3107 3881 Eadmer

417 3889 649 4004 fflssffia
617 3896 671 3938 at
753 3914 1039 4001 corporis
1099 3915 1487 3979 infirmitate
1534 3924 1869 3996 corripitur,
1916 3917 2016 3980 ita
2060 3922 2153 3994 ut,
2200 3917 2513 4004 languore
2574 3922 2858 3988 invales-
2886 3912 2996 3960 ⁰⁸¹³
3016 3869 3140 3949 Σαώ

751 4022 957 4095 cente,
1002 4039 1122 4104 per
1165 4017 1463 4082 triduum
1508 4024 1635 4079 sine
1681 4042 1825 4080 voce
1872 4023 1940 4082 et
1983 4041 2194 4096 sensu,
2241 4029 2364 4083 51110
2413 4031 2543 4085 cibo
2590 4036 2650 4086 et
2696 4038 2858 4105 potu,

752 4120 894 4185 sine
938 4120 1161 4205 aliquo
1206 4120 1645 4184 membrorum
1705 4125 1894 4183 motu
1928 4121 2196 4207 jaceret,
2243 4123 2364 4185 vix
2408 4124 2598 4187 tenui
2640 4124 2858 4190 halitu

752 4243 821 4285 50
865 4226 1084 4286 10111111
1145 4220 1452 4306 spiritum
1512 4220 1812 4288 nondum
1872 4221 2212 4288 exhalasse
2279 4224 2645 4309 designem.
2770 4226 2860 4290 Et

749 4343 900 4388 cum
962 4322 1066 4386 sui
1120 4321 1261 4406 jam
1326 4321 1407 4385 de
1421 4319 1441 4342 '
1470 4321 1766 4406 exequiis
1831 4322 1973 4407 ejus
2037 4323 2332 4388 dolentes
2394 4332 2858 4412 gementesque

755 4427 1134 4500 tractarent,
1168 4443 1312 4488 0000
1356 4426 1627 4506 repente
1679 4423 1765 4487 ab
1810 4422 2224 4510 Archangelo
2270 4425 2594 4492 Michaele
2627 4430 2856 4495 visita-

751 4529 880 4604 tur,
926 4525 1353 4611 pristinaeque
1399 4525 1600 4590 saluti
1643 4525 2016 4591 redonatur.
2112 4527 2543 4615 Loquensque
2586 4552 2737 4596 cum
2781 4554 2857 4595 eo

752 4629 894 4714 ipse
962 4629 1303 4694 beatorum
1381 4627 1736 4713 spirituum
1804 4629 2122 4715 princeps,
2191 4632 2493 4716 praedicit
2560 4653 2710 4695 eum
2785 4633 2859 4696 in

750 4729 997 4815 Anglia
1063 4752 1183 4796 sua
1248 4730 1471 4795 omnia
1528 4736 2102 4817 recuperaturum3
2177 4739 2461 4818 quatuor
2520 4735 2711 4800 annis
2785 4734 2859 4798 in
