3600 5800
2742 0 3289 9 *man-*fle
3310 1 3335 7 -

1241 938 1557 989 musmm
1602 937 1847 990 sime-ri
1895 937 2147 988 rums,
2614 925 2744 989 323

643 1121 969 1207 multique
1012 1123 1582 1207 compatiebantur
1626 1122 1740 1200 illi,
1774 1128 2042 1209 propter
2063 1121 2430 1207 juvenilem
2478 1126 2742 1188 aetatem

639 1242 718 1286 ac
791 1221 1233 1287 calamitatem
1300 1245 1447 1308 quse
1516 1244 1658 1288 eam
1736 1229 2161 1308 oppresserat.
2257 1222 2749 1307 Frequentabat

639 1320 781 1387 haec
847 1344 1018 1407 saepe
1084 1324 1568 1400 monasterium,
1630 1346 1824 1389 orans
1886 1331 1956 1389 et
2018 1324 2444 1410 expostulans
2503 1347 2547 1389 a
2604 1323 2746 1389 Deo

640 1422 1012 1510 Sanctoque
1041 1425 1088 1489 J
1088 1424 1347 1491 ohanne
1394 1432 1722 1510 quatenus
1775 1426 1903 1490 sibi
1950 1425 2430 1503 misererentur,
2478 1426 2746 1510 suisque

640 1524 919 1589 miseriis
963 1526 1406 1590 subvenirent.
1499 1525 1793 1590 Tandem
1855 1526 2172 1591 exaudita
2216 1531 2334 1601 est,
2403 1546 2744 1609 recupera·

639 1624 870 1709 vitque
945 1625 1161 1689 visum
1240 1626 1575 1692 oculorum
1661 1626 2081 1691 miseratione
2157 1625 2408 1690 Divina
2492 1624 2745 1689 meritis

638 1725 1032 1790 sanctissimi
1079 1725 1521 1802 Confessoris,
1560 1724 1885 1811 longoque
1945 1732 2095 1811 post
2139 1730 2430 1810 tempore
2492 1724 2742 1801 vivens,

639 1826 858 1891 labore
920 1827 1184 1913 proprio
1253 1827 1597 1902 desudans,
1661 1826 1919 1910 sibique
1983 1827 2145 1890 vitae
2213 1825 2606 1903 necessaria,
2635 1847 2740 1891 ac-

638 1928 918 2011 quirenS,
982 1934 1051 1993 et
1114 1949 1232 2013 pro
1278 1928 1492 1993 salute
1538 1927 1665 1991 sibi
1710 1927 1951 1993 collata
2014 1924 2156 1993 Deo
2204 1926 2577 2011 Sancteque
2622 1927 2740 1992 Jo-

637 2027 842 2092 hanni
886 2029 1135 2114 gratias
1179 2051 1381 2115 agens
1426 2028 1844 2114 multiplices,

731 2129 1053 2196 Praeterea
1096 2130 1321 2195 evenit
1372 2130 1446 2193 in
1478 2129 1759 2217 quadam
1802 2129 1979 2206 villa,
2012 2151 2159 2214 quae
2192 2129 2737 2214 Septentrionalis
2762 2140 3080 2195 Anincident

640 2230 961 2296 Buitonia
983 2229 1007 2268 ¹
1053 2233 1400 2308 vocitatur,
1446 2232 1624 2316 quod
1668 2253 1832 2316 opus
1885 2253 2132 2297 novum
2178 2238 2739 2297 consummaretur
2764 2207 3002 2324 &gul-112¹?

638 2331 707 2394 in
773 2331 1056 2398 ecclesiae
1118 2331 1380 2408 fabrica,
1446 2353 1594 2416 quae
1658 2337 1726 2396 et
1802 2331 2106 2397 dedicata
2181 2336 2281 2396 est
2357 2331 2427 2394 in
2494 2331 2737 2397 honore
2765 2338 2970 2389 church-

638 2432 865 2497 Sancti
911 2431 1237 2499 Johannis
1300 2430 1799 2517 archipraesulis,
1849 2432 1920 2496 in
1988 2433 2175 2518 cujus
2238 2432 2440 2497 etiam
2487 2455 2738 2519 posses·

636 2534 816 2598 sione
862 2534 1142 2599 fundata
1186 2538 1301 2599 est.
1397 2533 1500 2610 Et,
1563 2539 1642 2597 ut
1700 2533 2104 2601 consuetudo
2167 2540 2282 2611 est,
2331 2535 2506 2619 quod
2551 2535 2738 2600 anni-
2768 2546 2880 2598 The
2897 2548 3078 2614 vinage

637 2616 961 2699 vel-sarius
1008 2635 1150 2699 dies
1202 2656 1463 2720 quoquo
1509 2655 1683 2699 anno
1751 2639 1991 2720 agatur
2034 2634 2334 2710 solennis,
2384 2636 2625 2701 accidit
2670 2636 2741 2700 in
2767 2614 3077 2746 ffissggii'xept.

635 2736 918 2819 quadam
987 2735 1380 2801 solennitate
1441 2734 1837 2821 hujusmodi,
1884 2736 2221 2801 nocturnis
2289 2736 2625 2801 Laudibus
2657 2742 2743 2823 ‚et

634 2837 923 2923 Hymnis
968 2836 1323 2923 completis,
1370 2837 1613 2906 clerum
1674 2842 1746 2903 et
1804 2836 2121 2923 populum
2168 2837 2249 2902 de
2294 2837 2563 2905 ecclesia
2609 2838 2738 2904 dis-

632 2940 871 3018 cedere,
968 2941 1343 3026 ostiumque
1441 2940 1816 3008 obseratum
1911 2945 2026 3017 est,
2096 2939 2460 3025 juvenibus
2535 2947 2737 3026 atquc

633 3042 867 3126 puellis
919 3041 1058 3110 sive
1105 3043 1325 3128 pueris
1370 3042 1753 3110 ludentibus
1798 3062 1876 3107 ac
1919 3041 2312 3126 jocantibus,
2360 3047 2429 3107 et
2473 3042 2738 3109 choreas

632 3142 1023 3210 ducentibus
1112 3164 1229 3227 per
1327 3142 1685 3207 coemeterii
1756 3141 2040 3208 viridem
2130 3142 2492 3228 planitiem,
2586 3166 2736 3210 cum

632 3245 854 3309 subito
921 3239 1042 3307 lux
1111 3243 1368 3310 caelitus
1433 3242 1670 3307 emissa
1742 3242 2113 3328 [apparuit]
2192 3264 2390 3328 super
2459 3245 2736 3309 eandem
2764 3265 2816 3314 A
2841 3266 3054 3314 marvel-

630 3343 1001 3419 baeineam,
1032 3343 1119 3407 ed
1165 3343 1377 3407 meter
1435 3343 1591 3408 selis
1654 3342 2075 3427 resplendens
2140 3364 2183 3406 a
2246 3343 2390 3408 eaeli
2455 3343 2737 3430 fastigio,
2766 3329 2879 3443 ξω
2901 3331 3050 3446 Ηξῦἰζ

632 3445 818 3530 quasi
887 3445 1194 3509 columna
1258 3443 1629 3530 refulgens3
1688 3447 1769 3506 ut
1835 3442 2340 3528 circumquaque
2393 3444 2740 3530 provincia
2764 3411 2988 3526 nimy.

634 3545 1134 3624 illuminaretur,
1182 3551 1251 3610 et
1279 3545 1534 3611 villulae
1578 3546 1771 3630 longe
1817 3544 2082 3630 lateque
2134 3545 2416 3610 discerni
2449 3555 2732 3632 possent,

629 3646 887 3732 aliaque
932 3646 1252 3734 plurima3
1296 3652 1655 3732 tantusque
1685 3645 1860 3712 calor
1905 3668 1990 3710 ex
2034 3646 2150 3712 illo
2196 3646 2444 3713 lumine
2489 3649 2732 3716 coelesti

628 3748 952 3838 provenit,
1001 3753 1080 3812 ut
1146 3749 1259 3833 qui
1328 3747 1608 3814 aderant
1652 3751 2010 3833 praesentes
2054 3747 2261 3813 nimio
2306 3755 2474 3814 aestu
2521 3751 2732 3817 affice-

628 3855 873 3926 rentur,
906 3849 1093 3936 quasi
1137 3850 1223 3914 ab
1266 3849 1500 3914 aestivo
1546 3849 1668 3914 die.
1763 3849 1913 3930 Qua
1957 3871 2040 3913 ex
2086 3871 2156 3913 re
2201 3849 2400 3914 datur
2429 3850 2730 3939 intelligi,

627 3951 1071 4017 venerabilem
1135 3951 1565 4017 confessorem
1645 3951 1691 4016 ,J
1692 3949 2022 4016 ohannem
2089 3950 2367 4018 caelestis
2437 3951 2732 4018 civitatis

626 4076 779 4119 vere
854 4058 1148 4118 constare
1216 4053 1443 4129 civem,
1508 4051 1697 4138 cujus
1758 4051 1990 4116 domus
2060 4049 2118 4116 ei
2196 4051 2282 4117 ab
2348 4052 2727 4119 hominibus

627 4155 971 4242 designata
1015 4160 1206 4220 tanta
1249 4153 1642 4220 claritudine
1687 4152 1933 4219 caelesti
1979 4153 2363 4220 illustratur.

718 4255 1005 4337 Quidam
1050 4257 1253 4321 etiam
1315 4256 1673 4344 presbyter,
1741 4255 2047 4341 Ingulfus
2110 4256 2393 4333 nomine,
2440 4257 2527 4321 ad
2597 4256 2726 4322 Dei
2751 4267 2933 4346 ngqlf
2951 4269 3034 4346 is·

625 4359 970 4425 servitium
1038 4358 1327 4424 multum
1387 4359 1681 4436 devotus,
1747 4363 1898 4444 post
1956 4363 2346 4424 nocturnam
2415 4360 2723 4444 synaxim
2748 4336 3065 4465 ξζξῗζξξὲἕ

1438 4506 1515 4512 ..-.-
1568 4506 1619 4511 -ψ
1676 4504 2168 4512 ῌ------
2207 4507 2318 4512 -.ῃ--
2645 4510 2714 4515 0.-

934 4505 1235 4513 ——m—--Q—-o

692 4578 707 4612 ¹
742 4577 872 4629 Now
915 4577 1077 4629 called
1115 4576 1311 4644 Chen-y
1344 4575 1563 4637 But-ton,
1594 4591 1625 4628 a
1719 4577 1833 4627 that
1887 4577 1974 4628 the
2027 4574 2190 4626 fabric
2235 4576 2499 4628 dedicated
2544 4585 2598 4629 to
2646 4579 2722 4632 St.

624 4655 721 4709 few
763 4656 908 4708 miles
952 4656 1145 4707 distant
1188 4656 1321 4706 from
1364 4655 1628 4720 Beverley.
1718 4656 1862 4708 John
1887 4671 1992 4707 was
2013 4670 2081 4705 an
2104 4654 2248 4705 older
2274 4655 2483 4718 church,
2504 4672 2564 4708 or
2584 4672 2723 4711 tome

625 4735 741 4788 The
775 4736 971 4787 church
993 4733 1037 4786 is
1060 4733 1327 4786 dedicated
1349 4742 1406 4785 to
1430 4733 1506 4785 St.
1528 4733 1630 4783 Mi·-
1720 4732 1922 4801 portion
1947 4734 2011 4787 of
2023 4734 2111 4785 the
2134 4741 2337 4798 present
2357 4733 2598 4802 building.

621 4814 789 4872 chael.
856 4817 907 4868 1t
962 4813 1007 4866 is
1060 4815 1319 4884 probable,
1361 4812 1632 4876 therefore,
