3600 5800
1283 911 1605 965 Auci-ons
1647 910 2007 962 monnio,
2571 895 2698 959 451

596 1116 716 1182 pro
760 1095 1057 1184 ejusdem
1113 1098 1357 1164 animae
1401 1097 1858 1184 redemptione
1920 1097 2267 1165 celebratae
2310 1098 2487 1173 sunt,
2532 1114 2703 1181 prse-

593 1199 883 1284 cipiente
948 1199 1130 1268 duce.
1223 1199 1354 1265 His
1420 1199 1774 1287 explicitis,
1835 1199 2281 1267 autumabant
2355 1195 2701 1263 furibundi

593 1300 724 1365 viri
770 1302 887 1387 qui
930 1301 1074 1371 haec
1115 1302 1430 1381 fecerunt,
1460 1303 1640 1389 quod
1683 1302 1835 1368 Rex
1863 1303 2159 1371 civitatis
2188 1300 2477 1370 uranicae
2493 1313 2529 1349 ⁸
2569 1300 2704 1367 ista

595 1401 680 1468 de
725 1403 984 1470 excelso
1027 1404 1191 1471 solio
1238 1404 1396 1471 Suae
1436 1404 1769 1491 praeclarae
1814 1404 2183 1492 majestatis
2225 1424 2363 1470 non
2419 1403 2699 1481 videret,

595 1508 717 1570 aut
781 1505 1071 1573 videndo
1137 1506 1385 1573 oblitus
1447 1512 1622 1573 esset
1686 1507 2032 1594 sanguinis
2095 1505 2334 1572 militis
2396 1505 2519 1572 Sui
2579 1505 2698 1591 qui

595 1606 983 1675 innocenter
1025 1608 1273 1675 effusus
1317 1613 1498 1690 erat3
1540 1608 1659 1675 sed
1688 1609 1789 1675 ita
1832 1608 2075 1676 evenit.
2170 1607 2328 1674 Non
2372 1606 2552 1673 enim
2595 1627 2697 1672 re·

594 1709 781 1789 ticeo,
828 1731 951 1779 nec
992 1710 1259 1778 illorum
1303 1731 1550 1798 poenes,
1580 1732 1703 1780 nec
1745 1711 1920 1798 regis
1964 1730 2249 1779 coronas.
2341 1709 2476 1791 Qui
2519 1708 2700 1774 enim

596 1812 992 1899 protoplasti
1034 1813 1181 1880 nati
1225 1812 1615 1900 sanguinem
1659 1812 1744 1878 de
1785 1833 1991 1880 manu
2050 1810 2277 1877 fratris
2320 1809 2426 1875 sui
2470 1809 2690 1895 requi-

594 1911 773 1991 sivit,
821 1913 973 2000 Ipse
1038 1914 1212 2001 regis
1258 1914 1380 1980 Sui
1446 1912 1836 2002 sanguinem
1896 1913 1980 1979 de
2040 1911 2349 1978 manibus
2416 1910 2695 1976 istorum

593 2013 1046 2102 interrogavit.
1141 2016 1306 2083 Erat
1348 2015 1537 2103 illi(s)
1585 2015 1877 2103 spatium
1922 2013 2086 2081 vitae
2130 2034 2525 2092 concessum,
2579 2012 2696 2079 sed
2722 2008 3033 2077 Vengeanee

594 2134 731 2180 non
781 2115 870 2182 ad
931 2117 1415 2203 poenitentiam,
1462 2117 1776 2204 quoniam
1836 2137 1954 2184 ora
2013 2116 2239 2184 locuta
2280 2120 2442 2181 sunt
2502 2116 2695 2182 vani-
2718 2090 2967 2207 3⁰33oe

591 2220 781 2296 tates,
812 2224 874 2284 et
918 2217 1186 2285 deutera
1213 2239 1451 2286 eorwm
1493 2218 1762 2287 dextera
1804 2216 2224 2306 iavzqwztatis.
2316 2218 2474 2284 Non
2503 2223 2696 2285 erant
2718 2211 3019 2302 murdmfff

594 2317 742 2383 istis
786 2318 962 2385 datae
1006 2319 1304 2387 Davitici
1348 2319 1522 2407 regis
1565 2320 2093 2399 lamentationes,
2122 2340 2245 2387 nec
2289 2340 2470 2387 sacer
2497 2319 2695 2385 fletus
2718 2288 2855 2406 ἔξω·
2875 2290 3032 2341 oxhu.

588 2418 902 2505 janitoris
918 2416 944 2450 ⁵
1002 2422 1234 2488 eximii
1299 2422 1581 2490 caelestis
1641 2421 1889 2510 gloriae,
1937 2422 2053 2488 sed
2111 2421 2493 2499 floruerunt,
2540 2441 2695 2488 eva-

591 2529 902 2603 nuerunt,
971 2525 1301 2604 bibenmt‚
1363 2525 1896 2605 luxuriabantur,
1951 2524 2110 2612 quia
2158 2525 2453 2612 corrupti
2503 2529 2695 2591 erant

592 2630 663 2691 et
706 2647 751 2692 a
792 2627 937 2695 Deo
980 2627 1471 2696 abominabiles,
1564 2628 1966 2697 Induratum
2012 2631 2158 2695 erat
2215 2627 2539 2715 insipiens
2585 2647 2698 2694 cor
2718 2639 2856 2692 Pul.
2878 2637 2951 2693 lii.
2972 2645 3023 2692 2.

591 2747 818 2794 eorum
861 2751 947 2796 ne
991 2730 1459 2817 poenitentiam
1502 2735 1791 2818 agerent,
1824 2729 2023 2798 sicuti
2068 2730 2401 2816 quondam
2446 2728 2694 2797 Niliaci

591 2831 781 2919 regis,
855 2853 943 2898 ne
1016 2832 1386 2901 dimitteret
1470 2833 1791 2922 populum
1868 2830 2375 2902 Israheliticum.
2498 2831 2694 2901 Unus
2719 2830 2833 2883 One
2855 2833 2943 2883 be-

589 2939 815 3001 autem
860 2957 947 3002 ex
990 2934 1125 3002 illis
1168 2937 1372 3004 talem
1416 2937 1739 3004 sustinuit
1780 2958 2000 3024 poenae
2045 2936 2567 3015 similitudinem,
2614 2939 2696 3003 ut
2719 2914 2888 3019 ἷῗῑᾞῖ

591 3038 849 3104 amissis
900 3038 1106 3106 oculis
1165 3040 1505 3118 ambobus,
1549 3045 1981 3125 utrorumque
2040 3038 2371 3104 luminum
2411 3038 2696 3104 sustine-

592 3145 697 3205 ret
724 3141 1101 3209 inedicibile
1147 3141 1620 3209 detrimentum
1647 3166 1664 3223 ;
1707 3142 2040 3207 luminum
2085 3142 2232 3208 dico
2276 3141 2471 3207 istius
2514 3142 2694 3218 vitae,

596 3242 847 3327 pariter
909 3247 981 3308 et
1055 3243 1314 3310 futurae.
1408 3243 1614 3309 Istius
1682 3244 1971 3329 denique
2038 3244 2281 3321 amisit,
2328 3264 2480 3309 cum
2542 3243 2697 3308 solis

594 3347 665 3408 et
729 3342 867 3408 diei
927 3343 1148 3409 visum
1210 3366 1345 3411 non
1410 3345 1603 3423 vidit,
1667 3365 1790 3412 nee
1851 3348 2078 3431 gratos
2142 3342 2271 3409 sibi
2334 3343 2698 3409 servientes

594 3442 949 3510 ministros.
1058 3444 1354 3511 Alterius
1413 3446 1577 3511 vitae
1640 3445 1980 3531 depressit,
2051 3465 2203 3511 cum
2277 3443 2697 3511 clementiam

591 3545 803 3611 nostri
866 3545 1232 3613 Salvatoris
1292 3567 1429 3613 non
1489 3546 1765 3629 habuit3
1827 3547 1959 3626 sed,
2022 3547 2198 3614 sicut
2249 3546 2513 3634 justum
2577 3550 2697 3624 est,

593 3668 826 3734 poenas
888 3649 1212 3734 sumpsit3
1277 3669 1414 3714 non
1464 3669 1696 3735 poenas
1741 3670 1892 3735 quae
1938 3648 2249 3714 mortales
2306 3646 2696 3714 mortalibus

594 3751 922 3838 ingerunt,
969 3751 1085 3817 sed
1142 3751 1310 3817 tales
1378 3774 1527 3839 quae
1586 3751 1843 3819 animas
1887 3752 2275 3818 miserorum
2342 3750 2695 3817 immiseri-

593 3853 877 3920 corditer
936 3852 1260 3941 affligunt,
1319 3853 1494 3921 sicut
1550 3854 1815 3942 legitur,
1867 3854 2253 3922 transibunt
2311 3854 2552 3920 animae
2613 3853 2695 3918 de

593 3954 796 4042 aquis
839 3953 1122 4023 nivium
1166 3956 1262 4024 ad
1290 3955 1577 4024 calorem
1597 3955 1623 3996 ¹
1666 3956 1996 4025 nimimn.
2088 3957 2307 4023 Multa
2350 3956 2483 4022 dici
2511 3959 2697 4042 pote—
2722 3955 2831 4007 Job
2852 3953 2999 4009 niv.

592 4063 747 4124 rant
810 4058 935 4127 hoc
1002 4058 1076 4125 in
1137 4060 1280 4129 loco
1342 4061 1423 4128 de
1490 4083 1716 4129 eorum
1783 4061 2293 4139 calamitatibus,
2360 4060 2477 4146 qui
2543 4081 2694 4127 eum
2725 4026 2803 4073 19‘

596 4159 1022 4246 perimerunt,
1053 4162 1168 4229 sed
1214 4162 1372 4249 quia
1414 4163 1502 4230 ad
1544 4164 1678 4231 alia
1708 4164 2064 4243 tendimus,
2108 4162 2251 4231 haec
2296 4161 2478 4230 dicta
2520 4160 2696 4227 suffl-

592 4281 736 4328 cere
780 4264 1122 4331 credimus.

683 4364 1062 4432 Beatissimi
1105 4386 1264 4433 vero
1308 4366 1440 4433 viri
1484 4366 1794 4447 animam,
1834 4367 2205 4456 justissimo
2248 4365 2295 4433 J
2296 4365 2485 4434 udice
2530 4385 2696 4452 prae—
2722 4363 2924 4433 Angels

595 4467 898 4554 cipiente,
943 4471 1156 4538 sancti
1206 4469 1449 4560 Angeli
1511 4452 1818 4539 manibus
1861 4471 2308 4558 recipiebant3
2366 4490 2566 4556 quam
2611 4470 2699 4537 ad
2721 4446 3037 4568 &33⁷⁸

636 4621 659 4647 0
686 4619 924 4674 amico]
944 4620 1155 4674 calatis,
1169 4622 1328 4669 interl.
1634 4622 1646 4676 Ι
1741 4621 1764 4653 ¹³
1780 4621 2042 4676 janitoris]
2060 4624 2131 4668 δι.
2147 4621 2293 4675 Petri,
2306 4622 2467 4668 interl.

1323 4835 1342 4870 ¹
1376 4836 1614 4903 calorem]
1641 4852 1818 4904 aquas,
1840 4837 1952 4892 MS.

2229 4934 2272 4982 F
2304 4934 2345 4982 F
2393 4921 2433 4982 2
