3600 5800
1341 845 1658 896 AUCTORE
1706 842 1920 894 Enmo
1966 844 2338 895 srsrfflmo.
2803 832 2886 894 91

796 1034 827 1059 “
878 1035 1191 1096 temnens·
1208 1029 1409 1115 (quod
1451 1029 1653 1115 absit)
1701 1034 2013 1094 neutrum
2057 1051 2142 1095 ex
2182 1028 2289 1093 his
2320 1028 2575 1093 duobus
2621 1027 2892 1113 implere

793 1136 825 1160 “
874 1132 1174 1208 voluerit,
1229 1131 1395 1197 sciat
1438 1153 1522 1209 se,
1554 1131 1611 1195 si
1657 1153 1775 1196 rex
1822 1131 1926 1208 sit,
1974 1136 2094 1196 aut
2138 1130 2359 1207 laicus,
2406 1152 2449 1195 a
2495 1152 2759 1216 corpore
2824 1135 2894 1193 et

793 1236 827 1263 “
874 1235 1191 1321 sanguine
1241 1232 1491 1298 Christi
1538 1232 2214 1311 excommunicatum;
2259 1232 2315 1296 si
2346 1254 2504 1298 vero
2536 1232 2890 1320 episcopus,

796 1338 829 1365 “
874 1340 993 1401 aut
1035 1334 1380 1423 presbyter
1414 1334 1613 1420 (quod
1661 1340 1762 1399 est
1801 1332 2233 1399 execrabilius
2282 1339 2352 1398 et
2396 1334 2580 1401 dictu
2625 1334 2892 1399 horren-

797 1441 833 1466 “
878 1438 1061 1522 dum)
1109 1437 1198 1503 ab
1244 1435 1423 1501 omni
1474 1434 1728 1522 gradu¹
1774 1435 2138 1522 degradari.
2230 1436 2396 1502 Haec
2438 1442 2598 1502 sunt
2640 1437 2895 1524 judicia

799 1543 832 1569 “
877 1539 1270 1626 Apostolicae
1316 1538 1492 1603 sedis
1539 1538 1724 1604 brevi
1770 1559 2066 1603 sermone
2111 1538 2462 1624 exposita.’'

887 1641 1192 1729 Episcopi
1222 1662 1378 1706 vero
1423 1640 1800 1705 resistentes
1847 1639 2205 1718 dixerunt3
2252 1647 2286 1673 “
2304 1639 2499 1721 Quod
2541 1641 2895 1727 praedeces-
2922 1654 3033 1705 The
3057 1654 3200 1719 reply

796 1747 832 1773 “
876 1766 1046 1810 sores
1093 1742 1304 1809 nostri
1349 1741 1524 1820 olim,
1572 1740 1955 1807 Theodorus
1997 1740 2520 1828 archiepiscopus
2581 1743 2669 1807 ab
2719 1743 2895 1828 Apo·
2922 1721 3146 1852 {Qas-

798 1850 833 1876 “
877 1846 1106 1912 stolica
1157 1844 1309 1910 sede
1354 1843 1644 1920 emissus,
1693 1847 1763 1907 et
1807 1841 2147 1908 chrithus
2207 1864 2327 1906 rex
2371 1849 2780 1921 censuerunt,
2830 1850 2899 1910 et

798 1952 833 1978 “
876 1954 1103 2034 postea
1159 1946 1233 2011 in
1279 1966 1508 2031 campo
1554 1944 1671 2030 qui
1732 1942 2060 2009 Estrefeld
2106 1943 2350 2009 dicitur
2379 1966 2514 2011 una
2557 1944 2897 2011 nobiscum

800 2054 837 2081 “
879 2071 1063 2135 paene
1093 2049 1300 2115 totius
1332 2047 1734 2112 Brittanniae
1765 2046 2069 2133 episcopi,
2102 2049 2365 2132 tuaque,
2398 2046 2895 2135 archiepiscope,

799 2157 838 2183 “
881 2151 1229 2237 praesentia
1274 2148 1849 2225 excellentissima,
1879 2169 2030 2213 cum
2076 2169 2227 2234 rege
2263 2147 2602 2215 Aldfritho
2638 2149 2896 2235 judica-

802 2259 837 2285 “
878 2255 1113 2331 vimus,
1153 2252 1479 2339 quomodo
1526 2251 1880 2316 immutare
1926 2249 2073 2336 quis
2119 2250 2341 2316 valeat
2361 2255 2386 2316 2
2407 2248 2439 2275 ''
2673 2282 2680 2293 ·
3029 2306 3034 2312 .

890 2356 1151 2423 Interea
1195 2360 1419 2421 autem
1449 2353 1829 2419 beatissima
1857 2352 2156 2419 Aelfleda
2184 2352 2520 2418 abbatissa
2554 2354 2899 2421 benedicto
2923 2368 3130 2421 Abbess

805 2476 909 2522 ore
976 2480 1094 2523 suo
1162 2456 1376 2523 dixit:
1448 2465 1482 2491 “
1505 2456 1673 2521 Vere
1741 2455 1816 2520 in
1880 2455 2145 2521 Christo
2215 2455 2360 2521 dico
2429 2460 2900 2522 testamentum
2927 2437 3157 2514 Aelflgda

808 2565 840 2590 ‘⁴
882 2554 1203 2624 AJfrithi²
1246 2558 1421 2645 regis
1488 2557 1561 2621 in
1626 2578 1706 2623 ea
1770 2557 2175 2635 infirmitate,
2224 2578 2358 2643 qua
2401 2557 2614 2623 vitam
2659 2558 2898 2636 finivit,
2924 2512 3179 2648 ffiinfssssss‘*

808 2666 839 2691 “
881 2661 994 2747 qui
1042 2666 1275 2726 votum
1342 2658 1534 2724 vovit
1578 2659 1722 2724 Deo
1791 2663 1861 2725 et
1908 2658 2150 2725 Sancto
2205 2659 2416 2738 Petro,
2466 2660 2722 2727 dicens:
2788 2659 2901 2727 ‘Si
2923 2637 3149 2755 {¹12ssde

809 2768 840 2793 “
884 2772 899 2797 ‘
920 2763 1166 2840 vixero,
1215 2752 1443 2828 omnia
1495 2761 1746 2847 judicia
1808 2760 2206 2847 Apostolicae
2275 2762 2448 2826 sedis
2512 2783 2660 2848 quae
2703 2768 2903 2835 antea

815 2872 847 2897 “
890 2875 904 2901 ‘
925 2866 1114 2933 renui
1180 2865 1426 2944 audire,
1498 2864 1579 2930 de
1625 2865 1833 2931 Beato
1880 2864 2188 2936 Wilfrido
2251 2865 2551 2953 episcopo
2597 2865 2901 2954 implebo.

813 2975 844 3001 “
890 2978 904 3003 ‘
924 2970 1184 3036 sivero
1232 2969 1408 3035 diem
1454 2968 1693 3048 obier0,
1741 2969 1942 3036 dicite
1987 2974 2213 3036 tamen
2256 2968 2504 3036 haeredi
2551 2992 2714 3048 me0,
2747 2970 2902 3048 filio,

811 3077 842 3103 “
886 3079 901 3106 ‘
922 3071 994 3137 in
1067 3071 1334 3137 nomine
1397 3070 1687 3148 Domini,
1756 3078 1836 3137 ut
1902 3092 2020 3158 pro
2085 3072 2371 3140 remedio
2435 3073 2674 3140 animae
2739 3095 2903 3140 meae

811 3182 842 3207 “
875 3176 1205 3263 judicium
1238 3176 1319 3241 de
1350 3173 1691 3242 Wilfritho
1723 3175 2025 3261 episcopo
2055 3175 2510 3263 Apostolicum
2527 3175 2555 3216 ³
2581 3176 2901 3265 repleat.”’

894 3278 1058 3348 Haec
1138 3301 1218 3345 ea
1300 3277 1624 3364 loquente,
1717 3277 2285 3355 Berechtfflthus‚⁴
2351 3279 2666 3365 praefatus
2732 3281 2904 3366 regis
2927 3296 3167 3347 Berecht-

810 3380 1120 3469 princeps,
1182 3381 1579 3468 respondens
1643 3380 1853 3446 dixit:
1933 3389 1965 3415 “
1988 3380 2153 3446 Haec
2198 3384 2299 3446 est
2363 3380 2673 3447 voluntas
2731 3384 2903 3468 regis
2929 3362 3052 3478 Ἧι
3074 3365 3167 3479 (Ῑῇ

813 3489 844 3516 “
888 3490 956 3550 et
1027 3483 1400 3571 principum
1482 3483 1639 3569 ejus,
1708 3487 1790 3548 ut
1850 3482 2181 3548 mandatis
2243 3481 2639 3569 Apostolicae
2714 3485 2902 3564 sedis,
2928 3444 3139 3572 ‘iv-issisof
3157 3445 3242 3546 310

815 3589 845 3615 “
888 3590 957 3649 et
1028 3584 1373 3671 praeceptis
1417 3579 1695 3649 Alfi-ithi
1757 3582 1929 3669 regis
1991 3582 2065 3659 in
2130 3583 2434 3650 omnibus
2508 3585 2902 3653 obediamus.
2931 3562 3190 3677 {Tgfifssffj

816 3692 848 3718 “
892 3686 1067 3752 Nam
1143 3687 1407 3773 quando
1474 3686 1549 3750 in
1632 3686 1811 3764 urbe,
1881 3707 2030 3771 quae
2099 3687 2541 3775 Bebbanburg
2557 3688 2583 3727 ⁵
2648 3689 2904 3770 dicitur,
2931 3700 3133 3757 request

790 3783 847 3820 “‘
888 3788 1175 3888 obsessi,⁶
1234 3794 1303 3854 et
1368 3788 1661 3875 undique
1742 3787 1969 3853 hostili
2037 3809 2240 3854 manu
2307 3790 2768 3869 circumcincti,
2835 3794 2906 3858 in
2931 3761 3200 3889 ζξέιὲῗῑθῗῗ

816 3895 847 3921 “
890 3892 1325 3978 angustiaque
1368 3889 1554 3977 rupis
1614 3890 1892 3977 lapidcae
1952 3891 2353 3972 mansimus3
2421 3892 2591 3957 inito
2637 3894 2906 3962 consilio
2932 3891 3072 3944 with.

878 4117 893 4150 ¹
924 4120 1116 4185 arada]
1161 4118 1516 4172 ecclesiasticae
1539 4118 1819 4187 dig-nitentia,
1907 4125 1938 4150 “
1961 4120 2460 4189 cognominabatur.''
2529 4123 2717 4186 (Beda,
2775 4121 2909 4175 nist.

815 4195 909 4247 ins.
933 4201 1005 4250 A.
1907 4200 2047 4251 Eccl.
2070 4198 2139 4254 iii.
2165 4202 2275 4261 46.)
2344 4201 2457 4252 The
2485 4201 2715 4268 “regalis
2739 4218 2863 4266 puer
2879 4193 2910 4224 ’'

878 4275 900 4309 ²
928 4277 1169 4344 ΑζίνίιΙιί]
1201 4277 1445 4341 Aldu-idi,
1465 4279 1536 4330 A.
1906 4294 2013 4328 was
2034 4280 2286 4344 probably
2307 4280 2396 4330 the
2426 4278 2681 4344 president
2719 4281 2780 4332 of
2810 4282 2912 4334 this

873 4358 897 4391 ⁸
926 4358 989 4410 de
1023 4357 1285 4425 wilti-itha
1308 4362 1537 4426 episcopo
1567 4357 1820 4427 Apostoli·
1906 4357 2118 4420 coancil,
2143 4358 2307 4409 Osred
2347 4359 2436 4409 the
2473 4374 2566 4409 son
2600 4357 2660 4411 of
2686 4361 2912 4424 Aldffid,

816 4437 948 4505 cnm]
977 4452 1076 4488 om.
1101 4439 1171 4490 A.
1907 4436 2023 4487 who
2067 4437 2274 4488 became
2325 4436 2450 4505 ln’ng
2503 4437 2558 4487 in
2604 4441 2720 4500 705,
2763 4439 2914 4510 being

874 4515 896 4550 ⁴
916 4511 1343 4584 Berechtfiitlwe]
1368 4517 1732 4582 Bethtfrithus,
1745 4519 1817 4570 A.
1906 4516 2039 4568 then·
2074 4514 2216 4586 eight
2260 4533 2409 4585 years
2452 4520 2556 4570 old.
2627 4519 2817 4587 (Beda,
2860 4538 2911 4575 v,

877 4597 898 4630 ὅ
930 4595 1227 4665 memgh
1262 4614 1321 4648 or
1354 4598 1714 4666 Bamborough
1766 4596 1820 4647 in
1897 4597 2020 4658 .1s.)

816 4669 1296 4741 Northumberland,
1309 4693 1341 4728 a
1357 4677 1501 4743 royal
1519 4677 1643 4744 city,
1659 4681 1694 4707 “
1706 4693 1820 4742 quae
1974 4674 1995 4709 ⁶
2027 4673 2210 4727 obsessa·
2229 4674 2302 4744 et]
2330 4674 2571 4746 undique,
2592 4681 2686 4734 im.-
2709 4683 2778 4735 A.

813 4758 844 4785 ‘⁸
865 4771 898 4808 a
910 4754 1087 4826 regina
1101 4758 1359 4824 qnondam
1373 4756 1625 4809 vocabulo
1639 4757 1820 4809 Bebba
