3600 5800
826 869 953 931 306
1224 912 1231 923 .
1584 880 1746 928 ALIA
1792 880 2153 929 mmmm

823 1066 945 1131 Ille
978 1087 1149 1142 vero,
1182 1065 1582 1151 suffragante
1628 1064 1994 1129 venerabili
2027 1061 2411 1128 Confessore
2456 1063 2727 1148 ejusque
2772 1083 2927 1128 con-

823 1168 1107 1245 ductore,
1140 1168 1256 1253 qui
1278 1188 1696 1253 nequaquam
1714 1165 2016 1253 permisit
2045 1187 2198 1231 eum
2229 1165 2472 1231 iterum
2495 1164 2671 1230 tradi
2699 1162 2928 1229 manui

823 1270 1191 1355 impiorum,
1257 1290 1300 1334 a
1362 1289 1641 1354 quarum
1706 1272 2034 1355 potestate
2089 1268 2232 1353 jam
2301 1290 2451 1333 eum
2519 1267 2929 1343 liberaverat,

824 1370 1144 1438 sollicitus
1188 1371 1498 1457 carpebat
1540 1370 1683 1436 iter.

490 1473 568 1523 As
590 1476 655 1526 he
914 1474 1197 1560 Jamque
1243 1474 1415 1540 circa
1442 1472 1672 1539 horam
1703 1474 1986 1559 primam
2015 1472 2666 1559 appropinquaverat
2689 1471 2931 1537 Bever-

488 1556 737 1673 ffirgfley
826 1575 983 1653 law,
1048 1596 1198 1641 cum
1244 1575 1515 1661 quidam
1559 1574 1746 1641 miles
1794 1595 1962 1660 equo
2008 1572 2326 1639 advolans
2390 1580 2776 1640 consecutus
2831 1577 2933 1637 est

492 1646 754 1788 ankgight:
825 1699 991 1755 eum,
1038 1676 1311 1741 minime
1376 1694 1733 1763 agnoscens
1796 1698 1964 1755 eum,
2015 1676 2317 1761 quamvis
2385 1676 2526 1763 ipse
2573 1681 2747 1743 esset
2810 1674 2928 1759 qui

490 1746 765 1869 Eim‚²¹<¹1¹<¹,{s
827 1781 1278 1867 quaerebatur3
1324 1780 1889 1867 interrogavitque
1920 1801 2088 1859 eum,
2119 1781 2177 1844 si
2214 1779 2590 1866 hujusmodi
2622 1778 2929 1845 clericum

490 1881 581 1950 ¹¹9²
599 1876 750 1925 know
826 1907 1159 1971 quoquam
1202 1886 1565 1971 praecedere
1610 1884 1721 1951 vel
1763 1886 2079 1979 aufugere
2124 1885 2417 1951 videret:
2482 1884 2597 1971 qui
2664 1902 2928 1970 respon-

827 1991 931 2056 dit
973 2013 1043 2056 se
1087 1990 1358 2055 minime
1401 1991 1661 2057 vidisse.
1851 1985 1859 1991 ⁶

916 2092 975 2158 Ο
1018 2115 1120 2158 res
1166 2093 1334 2158 mira
1378 2098 1448 2158 et
1490 2093 1689 2159 laude
1735 2094 1980 2180 digna!
2039 2098 2110 2158 et
2176 2114 2525 2179 possumus
2602 2091 2732 2158 hoc
2773 2112 2926 2157 con-

824 2194 991 2259 ferre
1037 2193 1411 2272 Sodomitis,
1460 2195 1576 2279 qui
1622 2195 1893 2260 domum
1940 2194 2114 2260 Loth
2160 2200 2241 2260 ut
2285 2195 2737 2282 inffingerent,
2760 2193 2930 2259 fores

490 2299 722 2378 egenessss,
823 2296 1055 2361 domus
1102 2294 1569 2381 quaesiverunt.
1667 2296 1801 2363 Sed
1846 2297 2170 2383 percussit
2216 2318 2326 2363 eos
2372 2297 2699 2363 Dominus
2744 2295 2929 2362 caeci-

490 2381 601 2416 x¹¹'
625 2371 775 2417 9-11.
823 2404 979 2477 tate,
1029 2398 1206 2484 quod
1273 2398 1751 2499 circumeuntes
1799 2400 2068 2465 domum
2135 2422 2213 2467 ac
2279 2400 2639 2488 palpantes,
2686 2399 2931 2465 ostium

824 2500 1124 2573 invenire
1189 2501 1675 2587 nequiverunt:
1740 2523 1877 2568 non
1921 2502 2271 2579 immerito,
2316 2506 2398 2567 ut
2459 2503 2575 2590 qui
2650 2501 2929 2567 interius

825 2602 1135 2668 excaecati
1209 2603 1477 2668 fuerant
1544 2604 1632 2669 ad
1698 2604 2031 2690 flagitium
2094 2605 2626 2690 perpetrandum,
2703 2603 2929 2668 lumen

825 2704 1118 2768 exterius
1179 2705 1582 2770 amitterent.
1677 2706 1789 2772 Sic
1852 2710 1922 2770 et
1965 2706 2127 2770 istos
2172 2704 2301 2769 Dei
2345 2705 2766 2770 miseratione
2811 2726 2927 2768 ex-

823 2805 1098 2872 caecavit
1158 2806 1420 2871 malitia
1470 2826 1711 2885 eorum,
1757 2828 1843 2871 ne
1909 2806 2250 2891 captivum
2310 2810 2753 2892 agnoscerent,
2818 2805 2925 2870 cui

821 2909 1067 2994 injuste
1113 2909 1663 2975 machinabantur
1705 2909 1895 2976 mala.
1988 2909 2290 2994 Cumque
2334 2908 2636 2994 captivus
2666 2907 2927 2973 videret

818 3011 1239 3098 insequentes
1283 3012 1825 3098 appropinquare,
1874 3010 2152 3076 divertit
2213 3009 2393 3088 alias,
2457 3011 2925 3077 transcendens

483 3124 730 3194 Arriving
820 3136 1123 3202 aggerem
1168 3115 1349 3181 lacus
1371 3113 1397 3152 ¹
1457 3114 1924 3181 circumeuntis
1968 3111 2241 3193 villam3
2303 3113 2526 3198 sicque
2584 3113 2775 3178 venit
2837 3112 2926 3178 ad

484 3199 539 3241 “t
560 3194 648 3243 ‘¹¹⁶
821 3218 1288 3294 coemeterium,
1357 3217 1475 3282 ubi
1543 3218 1806 3283 invenit
1867 3216 2090 3282 hostes
2136 3216 2264 3281 sibi
2309 3217 2660 3303 oppositos,
2707 3217 2924 3281 obser-

484 3267 753 3327 cemetery,

482 3324 798 3445 Ιέξεξιέιέοωίω
821 3326 1056 3387 vantes
1102 3320 1160 3385 si
1205 3341 1538 3405 quoquam
1586 3341 1737 3384 eum
1783 3318 2082 3385 contueri
2129 3323 2410 3405 possent,
2458 3324 2540 3383 ut
2598 3299 2922 3405 raperent,

483 3457 739 3527 watehing
822 3444 877 3486 m
925 3427 1114 3488 extra
1180 3421 1629 3486 coemeterium
1695 3421 2014 3486 inventus
2058 3419 2307 3486 fuisset.
2401 3419 2535 3486 Sed
2578 3422 2665 3486 ad
2708 3421 2927 3507 ipsum

482 3524 578 3573 but
599 3526 721 3591 they
739 3499 754 3524 ’
820 3523 1171 3589 introitum
1239 3523 1600 3588 coemeterii
1663 3523 1915 3609 positos
1960 3522 2183 3587 hostes
2229 3523 2325 3589 sic
2367 3523 2755 3608 pertransiit
2795 3524 2925 3602 ille,

481 3591 780 3714 {ssgss'tffim
819 3631 900 3690 ut
941 3646 1064 3690 nec
1106 3631 1271 3691 tunc
1313 3624 1581 3709 quidem
1625 3624 1714 3688 ab
1758 3624 1855 3689 eis
1922 3630 2400 3711 agnosceretur,
2445 3645 2803 3711 agnoscens
2848 3630 2928 3689 ut

482 3734 568 3813 ‚¹30
588 3745 700 3801 gete
819 3729 1032 3815 pridie
1063 3728 1485 3794 adversarios.
1552 3727 1685 3808 Qui
1717 3750 1869 3793 cum
1899 3728 1986 3792 ad
2032 3729 2369 3796 ecclesiam
2392 3728 2669 3806 veniret,
2700 3749 2924 3815 pacem

481 3804 706 3919 5203}oe
819 3831 1048 3897 Sancti
1094 3831 1141 3896 J
1142 3830 1424 3896 ohannis
1471 3830 1815 3908 advocans,
1863 3835 2206 3917 susceptus
2237 3836 2356 3908 est,
2388 3836 2468 3895 ut
2511 3853 2736 3897 omnes
2766 3831 2926 3898 illuc

485 3942 793 4002 sanetum-53
819 3932 1269 4020 confugientes
1319 3932 1589 4017 pietatis
1634 3932 1946 4018 pacisque
1990 3932 2240 4018 gremio
2294 3932 2765 4013 confoventur3
2812 3935 2926 3998 ob-

816 4037 1105 4123 tulitque
1173 4038 1260 4102 ad
1327 4036 1533 4103 altare
1596 4036 1869 4103 vincula
1930 4058 2051 4102 sua
2111 4036 2335 4116 ferrea,
2404 4038 2652 4124 gratias
2715 4059 2917 4124 agens

817 4138 1153 4205 liberatori
1200 4160 1319 4203 suo
1349 4137 1395 4203 J
1398 4137 1643 4204 ohanni
1670 4162 1687 4217 ;
1730 4138 1848 4203 sed
1893 4144 1963 4203 et
2008 4139 2219 4205 clerus
2249 4144 2320 4204 et
2346 4140 2633 4225 populus
2663 4140 2737 4203 in
2780 4140 2924 4205 lau-

819 4241 968 4306 dem
1043 4240 1172 4306 Dei
1233 4240 1546 4305 continuo
1598 4245 2059 4328 proruperunt,
2109 4240 2366 4306 excelsa
2409 4263 2569 4308 voce
2629 4242 2926 4328 conjubi-

480 4352 584 4400 and
608 4351 758 4429 offers
816 4340 1029 4407 lantes
1073 4342 1350 4429 gloriam
1399 4340 1528 4405 Dei
1574 4346 1644 4406 et
1689 4340 1919 4407 Sancti
1967 4342 2014 4407 J
2015 4341 2293 4408 ohannis
2339 4343 2668 4408 meritum.
2764 4343 2926 4421 Sus-

480 4418 671 4535 ἓξὲξ
815 4467 1020 4531 pensa
1050 4450 1208 4511 sunt
1239 4445 1381 4532 ejus
1411 4444 1681 4511 vincula
1710 4466 1860 4511 cum
1893 4445 2165 4532 reliquis
2196 4447 2609 4533 captivorum
2640 4446 2925 4514 vinculis

821 4608 941 4615 --.—-
1008 4608 1053 4613 -.-
1074 4608 1099 4613 -
1124 4606 1363 4614 ———-
1839 4606 1900 4612 *-
1921 4607 1962 4612 --
2041 4607 2050 4612 .
2157 4609 2166 4612 -
2193 4608 2268 4615 “m
2531 4608 2606 4613 --ι

886 4690 900 4721 ¹
935 4691 1049 4740 The
1071 4691 1204 4752 lake,
1226 4706 1285 4739 or
1305 4688 1510 4741 natural
1533 4698 1688 4752 meat,
1709 4690 1843 4741 from
1865 4691 2038 4742 which
2059 4689 2149 4742 the
2181 4691 2326 4755 place
2366 4693 2490 4744 took
2530 4691 2595 4742 its
2631 4706 2795 4751 name,
2828 4690 2921 4742 has

813 4768 939 4833 long
961 4768 1101 4819 since
1124 4768 1468 4833 disappeared.
