3600 5800
797 871 833 932 1
842 871 928 932 84
1407 881 1574 931 VITA
1617 881 1947 932 WILFRIDI
1993 881 2298 932 EPISOOPI

698 1142 705 1148 ⁶
796 1067 965 1133 duci.
1058 1066 1626 1134 Incommutabilis
1681 1068 1970 1154 justitiae
2033 1067 2260 1145 cultor,
2328 1087 2450 1134 nec
2514 1067 2739 1134 favore
2803 1087 2902 1132 re-

797 1168 997 1247 mitti,
1041 1189 1165 1236 nec
1223 1168 1627 1236 detractione
1687 1170 1929 1249 diduci,
1974 1191 2098 1237 nec
2154 1169 2462 1237 laudibus
2507 1169 2737 1257 decipi,
2782 1190 2905 1236 nec

798 1270 1402 1357 vituperationibus
1443 1270 1518 1335 in
1561 1270 1778 1336 zelum
1837 1277 2100 1359 poterat
2143 1271 2554 1340 commoveri
2645 1271 2904 1337 Pernox

797 1371 1067 1438 Divinis
1110 1373 1421 1439 insistens
1465 1372 1811 1459 obsequiis,
1858 1395 2091 1461 corpus
2135 1396 2333 1439 suum
2379 1374 2558 1460 quod
2599 1374 2687 1439 ab
2726 1372 2909 1440 omni

799 1474 1187 1560 contagione
1232 1496 1318 1539 ex
1375 1479 1567 1541 utero
1625 1475 1859 1541 matris
1925 1496 2061 1541 suae
2120 1475 2445 1540 mundum
2490 1475 2906 1552 custodierat,

797 1582 939 1643 tam
998 1575 1248 1661 vigillis
1310 1596 1510 1662 quam
1576 1576 1928 1662 ffigoribus
1993 1575 2157 1641 mire
2225 1575 2565 1653 afficiebat,
2630 1575 2908 1662 singulis

797 1678 967 1743 illud
1010 1679 1316 1744 noctibus
1359 1699 1536 1764 aqua
1576 1677 1819 1764 frigida
1860 1678 2213 1764 tinguens3
2262 1699 2385 1743 nec
2426 1676 2612 1763 prius
2655 1676 2743 1742 ab
2785 1676 2910 1742 hac

799 1779 1273 1845 consuetudine
1315 1800 1587 1857 cessans,
1635 1800 1836 1865 quam
1895 1778 1942 1844 J
1942 1777 2248 1856 ohannes
2294 1777 2691 1864 Apostolicoe
2736 1777 2909 1844 sedis

800 1880 1093 1959 antistes,
1140 1902 1291 1946 eum
1335 1901 1454 1997 pro
1514 1878 1734 1947 aetatis
1794 1901 1932 1946 suae
1990 1879 2318 1966 gravitate
2375 1878 2533 1945 huic
2576 1878 2910 1966 proposito

801 1983 1002 2048 finem
1038 1982 1306 2068 juberet
1349 1983 1700 2069 imponere.
1792 1982 1950 2047 Non
1994 1981 2173 2048 hunc
2215 1982 2409 2047 ardor
2459 1980 2730 2057 aestatis,
2775 2001 2912 2044 non

802 2083 1012 2170 frigus
1056 2082 1293 2148 hiemis
1336 2084 1424 2148 ab
1466 2083 1792 2150 instantia
1843 2083 2047 2169 coepti
2091 2083 2307 2169 operis
2351 2081 2479 2148 Dei
2526 2083 2913 2167 detorquere
2941 2133 2962 2146 .

802 2182 1130 2251 valebant.
1255 2185 1581 2250 Praeterea
1639 2204 2169 2270 quaquaversum
2229 2183 2447 2270 gratia
2513 2182 2913 2270 praedicandi

804 2285 1089 2372 gratiam
1133 2284 1261 2351 Dei
1305 2306 1597 2372 pergens,
1644 2291 1917 2371 paratus
1963 2290 2106 2351 erat
2148 2306 2269 2371 pro
2312 2286 2460 2371 ipsa
2504 2306 2704 2371 quam
2747 2306 2914 2371 prse-

805 2387 1071 2455 dicabat
1112 2388 1397 2453 veritate
1439 2387 1653 2453 vitam
1698 2387 1871 2465 dare,
1917 2386 1974 2453 si
2015 2387 2263 2453 occasio
2308 2392 2682 2472 competens
2726 2386 2914 2452 offer-

805 2492 1004 2566 retur,
1050 2509 1199 2573 quae
1244 2487 1317 2553 id
1360 2487 1504 2553 fieri
1547 2488 1926 2574 postularet.
2020 2487 2095 2552 Si
2139 2488 2404 2573 quando
2447 2486 2703 2573 aliquid
2755 2486 2915 2551 deli-

805 2587 1057 2655 ciarum
1117 2588 1353 2674 quovis
1413 2594 1673 2667 eventu,
1721 2593 1791 2653 et
1856 2587 1982 2654 hoc
2047 2609 2304 2653 summa
2368 2609 2519 2653 cum
2580 2586 2914 2702 parcitate,

810 2690 885 2755 in
930 2710 1143 2757 escam
1189 2690 1532 2770 sumebat3
1591 2689 1663 2754 id
1722 2689 1943 2775 ipsum
2001 2689 2075 2753 in
2135 2711 2205 2754 se
2266 2688 2683 2803 postmodum
2727 2688 2916 2773 gravi

807 2790 1031 2857 inedia
1088 2790 1486 2857 vindicabat.
1579 2790 1745 2856 Haec
1802 2790 2140 2855 institutio
2185 2789 2347 2855 vitae
2391 2788 2741 2853 minimum
2785 2787 2916 2853 ela-

804 2893 1009 2961 tionis
1053 2898 1123 2959 et
1164 2893 1530 2960 maximum
1574 2892 1976 2960 humilitatis
2019 2891 2093 2957 in
2132 2891 2275 2979 ejus
2318 2896 2576 2979 pectore
2622 2883 2917 2957 studium

807 2995 1230 3082 comparavit.
1321 2995 1489 3062 Haec
1532 2995 1817 3060 subditis
1876 2993 2003 3060 sibi
2056 2993 2433 3079 exemplum
2477 2996 2722 3059 sanctae
2766 3014 2917 3060 con-

808 3096 1202 3163 versationis
1246 3095 1512 3162 indixit.
1604 3096 1772 3163 Haec
1800 3096 2116 3162 eosdem
2096 3117 2170 3161 in
2214 3101 2464 3163 arctam
2487 3094 2918 3171 continentiae

810 3198 992 3264 viam
1036 3198 1303 3264 indixit.
1303 3197 1330 3237 ¹
1437 3199 1605 3266 Haec
1649 3220 1913 3286 quoque
1972 3198 2217 3264 multos
2261 3219 2304 3264 a
2346 3218 2465 3264 suo
2510 3217 2721 3263 errore
2766 3219 2918 3263 con-

811 3322 1033 3366 versos
1078 3301 1167 3368 ad
1212 3300 1463 3367 Christi
1525 3301 1810 3387 gratiam
1874 3300 2089 3367 duxit.
2201 3299 2400 3366 Unde
2451 3299 2921 3387 quamplurimi

812 3402 1135 3469 nobilium
1179 3403 1458 3482 incitati,
1505 3403 1677 3470 filios
1737 3424 1891 3470 suos
1950 3403 2079 3469 Dei
2139 3403 2410 3469 servitio
2454 3402 2922 3488 mancipandos

813 3506 959 3572 viro
1004 3505 1359 3573 tradebant
1401 3505 1757 3586 mirantes3
1802 3511 1873 3572 et
1904 3505 2206 3572 mirando
2252 3506 2392 3593 ejus
2422 3504 2660 3571 merita
2703 3492 2923 3592 dignis

814 3605 1122 3671 laudibus
1166 3607 1640 3693 approbantes3
1681 3611 1882 3694 atque
1927 3629 2079 3674 suos
2130 3608 2338 3695 ipsius
2382 3607 2732 3695 probitatis
2775 3609 2925 3675 imi-

814 3709 1062 3772 tatores
1128 3706 1272 3772 fieri
1346 3708 1559 3774 modis
1627 3708 1933 3775 omnibus
2009 3715 2413 3798 exoptantes.
2529 3709 2676 3790 Sed,
2753 3711 2926 3778 sicut

815 3828 1006 3893 saepe,
1052 3808 1232 3893 quod
1281 3809 1613 3895 aliquibus
1679 3810 1989 3896 provenit
2053 3811 2141 3877 ad
2206 3812 2476 3877 virtutis
2542 3809 2922 3898 profectum,

814 3908 1148 3994 aliquibus
1215 3911 1511 3996 procedit
1576 3911 1664 3977 ad
1731 3911 2107 3997 iniquitatis
2175 3912 2519 3993 effectum;
2592 3913 2686 3980 sic
2747 3914 2923 3980 unde

817 4009 1120 4075 nonnulli
1165 4010 1239 4075 in
1290 4032 1578 4078 amorem
1645 4016 1714 4077 et
1773 4012 2267 4078 venerationem
2325 4012 2558 4078 famuli
2603 4013 2731 4078 Dei
2775 4035 2922 4100 pro-

817 4113 1129 4191 fecerunt,
1175 4114 1331 4180 inde
1399 4114 1669 4200 quidam
1730 4114 1806 4178 in
1864 4114 2092 4180 odium
2151 4120 2222 4180 et
2272 4115 2737 4181 contumeliam
2781 4116 2923 4203 ejus

820 4221 1191 4302 erumpunt.
1282 4216 1378 4280 At
1420 4214 1675 4281 athleta
1718 4214 1849 4280 Dei
1891 4236 2041 4281 cum
2086 4214 2170 4278 iis
2211 4214 2326 4301 qui
2371 4215 2653 4281 oderunt
2696 4239 2923 4303 pacem

820 4322 964 4384 erat
1028 4317 1353 4404 pacificus,
1399 4322 1469 4382 et
1529 4316 1681 4383 odio
1748 4318 2040 4404 ipsorum
2086 4338 2222 4383 suae
2289 4317 2690 4403 rependebat
2741 4320 2922 4385 obse·

822 4419 1054 4504 quium
1097 4416 1636 4485 mansuetudinis.

1356 4580 1503 4588 —----

1571 4666 1586 4697 ¹
1622 4665 1837 4734 indixit]
1871 4664 2092 4730 induxit,
2116 4668 2179 4718 B.
