3600 5800
1345 889 1663 938 AUCTORE
1706 885 2066 936 monnio.
2627 874 2756 937 403

650 1071 994 1156 omnisque
1037 1093 1176 1138 sors
1220 1077 1423 1159 atque
1469 1057 1666 1160 decus
1709 1074 1896 1161 regni
1942 1074 2028 1139 ad
2076 1094 2228 1138 eum
2272 1072 2514 1137 humili
2560 1073 2755 1138 vultu
2782 1072 2891 1123 The
2912 1088 3026 1150 re·-

649 1170 1018 1253 inclinavit,
1080 1175 1238 1260 quia
1296 1181 1440 1242 erat
1485 1198 1682 1241 verus
1727 1175 1857 1241 Dei
1903 1197 2148 1253 servus,
2194 1196 2330 1241 non
2373 1196 2443 1241 se
2488 1175 2757 1241 flectens
2781 1146 2980 1255 3⁶1?ss
2982 1141 3066 1272 ’ἔξ

649 1274 886 1340 timore
930 1274 1041 1341 vel
1092 1297 1311 1342 amore
1356 1283 1547 1344 extra
1593 1277 1772 1342 viam
1818 1277 2137 1355 veritatis,
2183 1277 2357 1344 sicut
2408 1276 2755 1362 Prophetae
2781 1272 2868 1322 ‘¹¹1³
2890 1272 3021 1350 king

650 1377 896 1463 egregii
952 1384 1286 1445 ammonet
1345 1378 1694 1465 eloquium,
1741 1379 1983 1456 dicens,
2028 1380 2107 1445 Η
2102 1401 2191 1446 aec
2232 1386 2325 1446 est
2367 1379 2501 1457 via,
2546 1379 2752 1446 nolite
2776 1339 3090 1476 {322me

650 1477 979 1545 declinare
1021 1479 1108 1545 ab
1154 1502 1232 1546 ea
1274 1501 1489 1566 neque
1533 1501 1575 1545 a
1619 1480 1875 1546 dextris
1919 1501 2135 1565 neque
2180 1500 2223 1546 a
2267 1479 2570 1546 sinistris,
2663 1480 2753 1544 Et
2778 1500 2904 1534 xxx.
2930 1490 3013 1534 2¹·

651 1579 819 1645 illud
898 1581 1320 1649 reminiscens
1387 1582 1891 1669 Psalmigraphi,
1968 1582 2110 1648 Iter
2182 1580 2395 1667 facite
2466 1580 2547 1658 ci,
2626 1581 2752 1668 qwi
2784 1585 2916 1635 Psal.
2935 1585 3075 1635 lxvii.

650 1681 951 1750 ascendit
993 1707 1195 1772 super
1224 1706 1543 1752 oceaswm.
1638 1682 1976 1770 Explicita
1991 1697 2024 1730 ⁸
2051 1683 2433 1770 Apostolica
2460 1683 2753 1770 epistola,
2781 1657 2828 1700 ⁵·

649 1784 736 1850 ad
799 1786 1111 1866 ordinem,
1160 1786 1425 1854 Christo
1482 1788 1781 1878 juvante,
1846 1786 2190 1852 redeamus
2250 1786 2531 1873 propriae
2591 1786 2756 1852 rela-

649 1885 866 1953 tionis.

742 1990 1071 2071 Quoniam
1131 1993 1432 2080 superius
1492 1992 1858 2058 beatissimi
1903 1993 2032 2056 viri
2079 1990 2332 2058 Odonis
2377 1991 2757 2057 veneranda

651 2093 967 2160 memoria
1009 2093 1185 2160 facta
1228 2099 1344 2173 est,
1391 2093 1764 2161 consultum
1826 2093 1963 2160 fore
2024 2092 2333 2158 existimo
2392 2097 2474 2157 ut
2514 2091 2755 2158 altiora

649 2193 760 2258 vel
802 2194 1054 2280 majora
1111 2195 1194 2261 de
1240 2195 1382 2282 ejus
1440 2195 1816 2262 sanctitatis
1876 2194 2202 2281 praeeonio
2263 2193 2628 2280 loquamur,
2673 2199 2755 2259 ut

648 2283 909 2362 lectoris
952 2297 1219 2365 solliciti
1277 2298 1620 2384 perspicax
1663 2297 1925 2362 animus
1983 2296 2193 2382 ipsius
2236 2296 2531 2362 audiens.
2571 2317 2753 2382 mag-

649 2397 830 2464 nalia
873 2397 1299 2478 convalescat,
1331 2404 1402 2465 et
1445 2399 1711 2486 dignius
1757 2396 2065 2483 posthinc
2109 2418 2261 2463 eum
2302 2417 2455 2464 cum
2499 2398 2754 2463 eaeteris

651 2500 954 2585 pretiosis
983 2501 1146 2566 viris
1176 2499 1631 2568 concelebret.b
1721 2501 1879 2566 Tria
1908 2500 2085 2565 enim
2115 2500 2435 2586 pergessit
2469 2499 2759 2586 insignia
2782 2510 2946 2588 'run-ee

653 2602 987 2681 miracula,
1052 2603 1252 2670 sicuti
1313 2625 1356 2671 a
1416 2603 1724 2669 fidelibus
1787 2602 1953 2666 viris
2027 2602 2283 2668 amari
2356 2600 2755 2680 audivimus,
2780 2579 3016 2697 33¹3

654 2723 805 2790 quae
835 2705 1089 2791 placuit
1115 2704 1226 2773 hic
1270 2707 1554 2773 inserere
1600 2704 1687 2770 ob
1730 2704 2046 2771 honorem
2077 2702 2509 2771 sanctissimae
2538 2702 2755 2768 Trini-
2780 2711 2851 2776 by
2872 2662 3000 2764 offo.

653 2807 832 2886 tatis,
897 2807 1406 2895 Individuaeque
1450 2808 1771 2885 Unitatis,
1820 2829 1938 2894 per
1981 2806 2171 2892 cujus
2233 2806 2756 2874 munificentiam

653 2910 1096 2977 inedicibilem
1163 2912 1527 2999 promeruit
1589 2916 1670 2976 ut
1734 2931 1938 2977 cornu
1956 2923 1985 2958 ⁰
2031 2909 2173 2996 ejus
2236 2909 2645 2977 exaltaretur
2688 2910 2763 2974 in
2786 2917 3029 2971 Paachi.
3047 2923 3095 2968 9.

652 3013 879 3100 gloria.
972 3012 1220 3101 Satago
1255 3036 1464 3080 unum
1513 3012 1858 3100 propalare
1882 3012 1918 3061 d
1971 3012 2149 3098 quod
2192 3013 2359 3079 mire
2419 3013 2763 3100 patravit-,0

652 3136 771 3201 per
798 3115 1065 3182 Divinae
1110 3116 1478 3202 majestatis
1521 3115 1941 3201 magnificam
1987 3115 2372 3200 potentiam,
2405 3120 2763 3200 antequam

652 3216 968 3282 honorem
1002 3217 1400 3303 pontificalis
1437 3216 1704 3283 honoris
1744 3215 2069 3300 suscepit3
2113 3216 2473 3282 secundum
2504 3234 2764 3300 quoque

655 3317 833 3403 quod
891 3324 1044 3404 post
1086 3325 1392 3405 percepto
1436 3317 1724 3384 culmine
1769 3321 1980 3382 tantae
2025 3316 2376 3402 dignitatis
2427 3317 2766 3394 exercuit3

657 3420 931 3486 tertium
1006 3442 1166 3486 vero
1239 3421 1416 3506 quod
1496 3425 1648 3505 post
1721 3418 2177 3484 humationem
2267 3418 2373 3483 sui
2454 3417 2725 3484 somatis
2742 3415 2768 3463 f

654 3522 872 3609 gessit.

747 3624 1105 3711 Postquam
1149 3623 1546 3690 venerabilis
1592 3623 1754 3700 Oda,
1786 3628 1867 3687 ut
1910 3622 2134 3688 vernis
2180 3622 2409 3688 floruit
2470 3622 2650 3701 rosis,
2696 3627 2767 3686 et

658 3748 952 3797 enormes
993 3727 1443 3814 peccaminum
1488 3727 1714 3813 spinas
1742 3730 1895 3811 post
1924 3726 2239 3810 baptismi
2284 3729 2765 3792 sacramentum

657 3829 982 3917 depulit‚8
1032 3828 1236 3916 coepit
1298 3833 1449 3916 post
1507 3828 1651 3896 haec
1695 3827 1993 3894 albentes
2053 3826 2283 3892 vultus
2346 3827 2550 3893 liliolo
2614 3848 2768 3893 con-

656 3952 960 4019 spargere
1003 3931 1208 4010 radio,
1254 3951 1535 4008 serenus,
1568 3935 1891 4006 constans,
1934 3928 2069 3995 fido
2113 3929 2307 3995 corde
2348 3928 2777 4014 tranquillum

656 4033 939 4099 rutilans
983 4054 1152 4120 pura
1195 4038 1457 4113 mente;
1517 4038 1603 4110 et,
1649 4036 1849 4119 prout
1906 4030 2053 4117 ipsa
2096 4031 2364 4098 indocta
2420 4035 2585 4097 aetas
2629 4051 2768 4095 suae

659 4120 1032 4222 pubertatis
1089 4136 1406 4222 permisit,
1462 4135 1667 4220 justis
1733 4133 1995 4200 actibus
2057 4154 2312 4219 semper
2374 4132 2639 4199 studuit
2699 4153 2769 4196 se

658 4238 870 4317 subdi,
900 4243 1282 4325 praeventus
1309 4237 1528 4324 gratia
1557 4237 1701 4315 Dei,
1733 4258 1883 4322 quae
1914 4257 2066 4302 eum
2096 4235 2430 4316 servavit3
2473 4234 2770 4321 quotidie

660 4341 909 4407 etenim
953 4339 1213 4428 Angelo
1256 4340 1531 4405 Domini
1575 4339 1704 4404 sibi
1748 4340 1838 4404 ab
1881 4338 2169 4404 aethereo
2220 4337 2509 4404 culmine
2568 4336 2769 4403 desti-

661 4448 838 4522 nato,
884 4443 1059 4511 sicut
1101 4441 1349 4529 legitur
1394 4441 1465 4506 in
1494 4440 1764 4506 Divinis
1808 4440 2124 4526 apicibus,
2171 4437 2343 4527 quala
2395 4437 2629 4527 ακηρεὺὶ
2668 4460 2770 4506 eo-
2793 4436 3047 4555 {guffi-

711 4609 733 4631 ⁸
757 4601 1032 4656 Ετριόοἰεα]
1061 4602 1208 4651 finita,
1223 4601 1386 4646 interl.
1813 4598 1835 4627 ‘¹
1858 4598 2140 4652 propalam]
2169 4599 2499 4651 demonstrare.
2512 4600 2674 4646 inuri.

711 4664 733 4693 δ
758 4663 1068 4717 concelebret]
1119 4663 1280 4710 laudet
1327 4663 1402 4708 vel
1455 4662 1663 4711 hona-ot.
1815 4661 2099 4716 *pamviss
2127 4664 2518 4716 panoniam.

659 4728 821 4773 interl.
1816 4724 1833 4755 ¹
1854 4724 2230 4779 wmatuooeeit]
2257 4726 2460 4779 eorporis
2484 4727 2593 4780 egit,
2610 4728 2771 4772 interl.

712 4799 731 4820 ⁰
757 4791 933 4846 cornu]
959 4791 1073 4842 laus,
1085 4791 1247 4836 interl.
1817 4796 1841 4826 ⁸
1865 4788 2074 4842 depulit]
2103 4789 2318 4843 expulsit,
2334 4790 2497 4835 mnu-1.

2297 4859 2497 4922 002
