3600 5800
1330 811 1378 855 s.
1427 806 1770 855 JOHANNIS
1821 805 2137 853 13121s00121.
2653 788 2779 849 305

683 1029 920 1113 [Alius
942 1031 1219 1098 clericus
1247 1031 1706 1098 incarceratus
1736 1053 1812 1097 ex
1857 1030 2077 1097 eodem
2121 1029 2255 1096 loco
2291 1049 2419 1114 per
2447 1026 2780 1095 Sanctum

1306 1136 1364 1201 J
1357 1134 1691 1200 ohannem
1734 1130 2104 1217 liberatus]

771 1290 1095 1356 Similiter
1137 1292 1209 1356 in
1254 1292 1530 1377 praefato
1576 1290 1846 1356 castello
1892 1290 2164 1375 quidam
2208 1288 2494 1364 clericus,
2543 1286 2776 1371 Samp-
2802 1295 3036 1374 Anotlyer

679 1378 827 1455 son'
866 1394 1147 1471 nomine,
1192 1394 1265 1457 in
1327 1394 1693 1459 custodiam
1738 1391 1993 1477 positus
2052 1392 2284 1456 fuerat.
2378 1389 2778 1474 Suggestum
2803 1361 3118 1490 icssesslssiggned

680 1499 781 1559 est
855 1495 1121 1562 domino
1196 1496 1485 1561 Roberto
1560 1516 1603 1560 a
1677 1495 2080 1570 custodibus,
2130 1492 2292 1578 quid
2355 1491 2436 1555 de
2484 1511 2560 1555 eo
2607 1493 2779 1554 esset
2802 1492 2853 1541 in
2876 1494 2962 1544 the
2977 1510 3113 1547 same

678 1597 1021 1682 agendum.
1117 1598 1239 1663 Ille
1315 1619 1471 1663 vero
1537 1597 1744 1683 jussit
1820 1618 1928 1662 eos
2005 1595 2315 1661 mandare
2390 1592 2777 1678 parentibus
2804 1560 2977 1651 ⁰³⁸²19'

678 1699 885 1784 ipsius
930 1700 1162 1779 clerici,
1212 1700 1391 1786 quod
1452 1700 1584 1764 nisi
1630 1699 1829 1765 citius
1890 1720 2041 1785 eum
2085 1696 2499 1772 redimerent,
2548 1693 2778 1758 dentes
2809 1702 2888 1753 He
2910 1704 2953 1755 is
2973 1714 3031 1784 ‚²⁰

677 1822 719 1864 a
763 1803 977 1887 capite
1024 1803 1167 1888 ejus
1211 1802 1665 1878 evellerentur,
1712 1799 1823 1865 vel
1866 1798 2136 1884 aliquod
2201 1798 2343 1883 ejus
2411 1797 2777 1860 membrum
2804 1770 3016 1887 ffihhff?
3025 1855 3116 1889 un-

679 1902 759 1966 de
806 1925 1069 1989 corpore
1114 1904 1472 1970 abscissum
1535 1903 1630 1967 eis
1698 1901 2129 1989 proculdubio
2175 1900 2565 1964 mitteretur.
2656 1897 2702 1963 J
2703 1920 2780 1962 u-
2805 1907 3091 1955 ransomed·

679 2005 868 2069 venis
912 2006 1068 2070 inde
1114 2006 1400 2070 multum
1448 2005 1747 2091 paviduS,
1781 2026 1979 2089 super
2022 2003 2148 2068 hoc
2175 2001 2502 2066 Divinum
2533 1999 2779 2085 efflagi-
2806 2020 3115 2073 Heinvokes

681 2105 871 2169 tabat
918 2105 1260 2183 auxilium,
1322 2127 1577 2171 necnon
1637 2104 1866 2170 Sancti
1926 2102 2253 2168 Johannis
2314 2100 2775 2187 patrocinium.
2804 2086 2885 2204 {gi
2908 2089 3094 2139 J⁰h¹¹’⁸

679 2203 1017 2271 Johannes
1046 2212 1293 2283 autem,
1328 2207 1442 2292 qui
1472 2211 1573 2271 est
1602 2205 1933 2291 refugium
1977 2204 2365 2268 miserorum
2394 2223 2512 2287 per
2541 2201 2774 2287 Angli-
2887 2169 2936 2217 p'

678 2328 785 2372 cos
830 2308 1010 2386 fineS,
1044 2331 1264 2395 preces
1308 2309 1579 2373 humilis
1625 2308 2039 2394 deprecantis
2084 2306 2447 2383 exaudivit,
2496 2327 2779 2390 eumque

680 2409 763 2473 de
809 2411 1117 2476 manibus
1186 2411 1563 2497 iniquorum
1609 2410 2118 2477 misericorditer
2180 2408 2506 2472 liberavit.
2601 2406 2778 2471 Nam

679 2517 872 2576 nocte
949 2512 1235 2597 quadam
1311 2512 1622 2598 apparuit
1695 2513 1756 2577 ei
1803 2511 2216 2576 venerandus
2292 2508 2617 2575 confessor
2661 2508 2708 2573 J
2708 2529 2792 2591 ο-Ἄ
2803 2521 2918 2571 who
2940 2537 3028 2585 ap-

680 2611 947 2689 hannes,
1025 2614 1469 2700 pontificalem
1542 2636 1775 2700 gerens
1850 2614 2171 2690 habitum,
2249 2611 2637 2698 praecipiens
2700 2616 2780 2674 ut
2803 2595 3057 2714 ffggd

678 2722 992 2801 surgeret,
1057 2722 1127 2781 et
1194 2719 1279 2784 ad
1341 2717 1816 2782 monasterium
1884 2726 2079 2781 suum
2123 2714 2303 2801 apud
2349 2713 2778 2778 Beverlacum
2803 2717 2916 2767 bids
2939 2719 3048 2770 him

678 2839 878 2903 quam
924 2820 1124 2886 citius
1167 2821 1561 2908 confugeret.
1656 2820 1783 2886 Cui
1830 2820 2059 2886 statim
2105 2818 2376 2885 clericus
2420 2816 2776 2903 respondit,
2803 2786 3069 2920 {egvgr’ley

678 2942 746 2984 se
792 2943 1208 3010 nequaquam
1253 2924 1378 2990 hoc
1422 2945 1607 3008 posse
1652 2922 1878 2999 facere,
1925 2926 2157 3008 utpote
2224 2920 2448 2984 ferreis
2492 2918 2778 2985 vinculis

679 3043 828 3088 cum
890 3024 1022 3089 alio
1096 3026 1167 3089 in
1230 3025 1529 3091 custodia
1594 3024 1872 3087 firmiter
1934 3021 2375 3088 constrictum.
2469 3020 2559 3085 Et
2624 3019 2777 3084 ille:

678 3131 710 3158 “
732 3124 839 3188 Ne
883 3125 1229 3204 formides3
1282 3127 1426 3210 jam
1472 3125 1649 3189 enim
1717 3123 1973 3188 solutus
2036 3122 2155 3187 es,”
2217 3122 2371 3186 ‘Ille
2434 3142 2591 3186 vero
2634 3121 2777 3185 ani-

676 3224 1098 3290 madvertens
1129 3226 1446 3291 circulum
1491 3225 1773 3289 ferreum
1802 3245 1845 3289 a
1876 3223 2042 3308 pede
2087 3222 2218 3286 viri
2261 3243 2411 3288 cum
2457 3242 2588 3305 quo
2619 3242 2772 3285 con-

679 3326 948 3390 strictus
1022 3327 1240 3392 fuerat
1315 3326 1647 3402 decidisse,
1723 3346 1921 3410 seque
1995 3325 2081 3389 ab
2144 3345 2220 3388 eo
2265 3322 2555 3388 solutum
2621 3344 2774 3400 esse,
2802 3345 2893 3394 An
2911 3345 3024 3396 iron

679 3425 1019 3514 colligavit
1081 3449 1340 3492 sursum
1403 3426 1723 3491 annulum
1791 3425 1981 3489 illum
2050 3426 2230 3509 (nam
2274 3424 2444 3488 alter
2487 3424 2613 3488 sibi
2660 3424 2774 3489 ad-
2800 3410 3090 3526 2332ng

679 3526 1020 3613 haerebat),
1085 3528 1600 3614 expeditumque
1646 3548 1714 3591 se
1782 3526 2028 3592 faciens
2073 3527 2160 3591 ad
2204 3526 2624 3612 pergendum,
2669 3548 2772 3590 re-
2800 3544 2918 3594 held
2940 3544 3063 3594 him.

678 3628 963 3716 lictoque
1008 3629 1395 3715 concaptivo
1441 3649 1667 3714 sopore
1713 3648 1951 3714 pressO,
1997 3627 2212 3692 exivit
2255 3628 2580 3705 continue,
2628 3650 2774 3714 pro·

677 3731 911 3797 cedens
1001 3738 1071 3796 et
1146 3731 1472 3810 exsiliens,
1534 3731 1676 3795 Deo
1753 3729 2031 3806 volente,
2110 3750 2314 3814 usque
2392 3729 2551 3793 dum
2618 3730 2775 3794 foris

677 3833 1029 3900 castellum·
1062 3840 1349 3900 venerat.
2397 3877 2406 3886 ο

770 3933 1055 4020 Jamque
1087 3935 1193 4000 die
1238 3935 1657 4002 illucescente
1682 3933 1705 3971 ¹
1750 3934 1987 4020 vigiles
2018 3933 2311 4021 ejusdem
2343 3933 2568 4019 oppidi
2591 3932 2775 3997 diem
2802 3946 3116 4014 Heeseapes,

678 4041 1139 4128 praecinebant,
1187 4041 1330 4128 ipso
1374 4041 1686 4107 audiente
1731 4045 1801 4105 et
1846 4040 2243 4127 aufugiente.
2339 4039 2586 4105 Statim
2633 4060 2778 4105 cus·
2801 4014 2990 4131 ἒξζθῗῄ
3013 4083 3114 4132 aad

677 4143 864 4208 todes
953 4150 1414 4232 compererunt
1488 4143 1827 4229 captivum
1905 4142 2205 4221 defuisse,
2282 4141 2779 4208 conclamabant
2802 4150 3042 4211 parsued.

676 4245 971 4331 undique
1015 4246 1323 4312 clericum
1369 4246 1451 4311 de
1496 4246 1797 4312 custodia
1859 4245 2186 4325 evasisse;
2245 4250 2778 4331 praeceptumque

677 4352 778 4411 est
823 4347 972 4425 illis,
1019 4353 1099 4413 ut
1143 4349 1331 4434 equis
1376 4348 1767 4434 quantocius
1813 4370 1964 4413 eum
1994 4348 2511 4433 insequerentur,
2543 4351 2613 4412 et
2656 4346 2777 4412 cir-

675 4470 1088 4535 cumquaque
1149 4456 1535 4536 quaererent,
1584 4451 1911 4536 quomodo
1956 4472 2107 4515 eum
2153 4449 2437 4536 reperire
2495 4455 2777 4535 possent.

1347 4683 1361 4716 ¹
1397 4682 1510 4736 The
1532 4684 1667 4749 print
1690 4684 1838 4734 reads
1860 4683 2115 4735 diescente.

1375 4777 1385 4786 ‘
2466 4780 2516 4830 U
