3600 5800
1172 902 1491 954 Avorom:
1539 902 1756 955 Enmo
1802 902 2178 953 STEPHANo.
2589 928 2600 937 -
2633 879 2716 953 9‘9

608 1092 972 1168 induentes
1006 1097 1077 1156 et
1103 1091 1190 1156 ad
1234 1092 1642 1176 praefinitum
1690 1091 1903 1157 locum
1945 1112 2093 1158 cum
2139 1091 2409 1177 hymnis
2455 1097 2523 1156 et
2568 1113 2718 1156 can-
2821 1172 2832 1181 Χ

612 1194 757 1261 ticis
821 1215 968 1260 cum
1046 1193 1284 1258 timore
1351 1192 1481 1257 Dei
1547 1194 1940 1279 portabant:
2016 1198 2086 1258 et
2159 1214 2358 1279 supra
2434 1193 2717 1269 domum,

609 1295 795 1382 quasi
841 1294 1272 1361 residentium
1317 1294 1545 1359 avium
1593 1316 1739 1360 cum
1787 1294 2010 1359 sonitu
2058 1294 2299 1359 iterum
2343 1293 2716 1371 audierunt,

610 1404 677 1462 et
739 1398 967 1464 statim
1031 1398 1273 1463 iterum
1349 1397 1763 1489 avolantium
1839 1397 1911 1460 in
1988 1396 2225 1463 caelum
2301 1418 2450 1463 cum
2526 1397 2718 1462 suavi

611 1497 1053 1564 modulamine
1128 1519 1510 1585 pennarum.
1639 1498 1987 1585 Sapientes
2062 1503 2302 1574 autem,
2387 1498 2503 1584 qui
2584 1498 2723 1563 illic

609 1601 898 1678 aderant,
977 1600 1310 1677 dixerunt,
1388 1605 1563 1666 certe
1627 1622 1697 1665 se
1771 1599 1938 1666 scire
2032 1600 2416 1686 angelorum
2492 1600 2720 1665 choros

610 1723 757 1767 cum
804 1690 1149 1767 Michaele-
1185 1700 1462 1779 venisse,
1509 1708 1578 1766 et
1638 1701 1929 1766 animam
1991 1701 2201 1767 sancti
2264 1701 2595 1787 pontificis
2650 1702 2721 1765 in

612 1803 992 1869 Paradisum
1058 1804 1392 1870 deducere.
1506 1803 1780 1881 Deinde,
1852 1807 2125 1868 extento
2193 1803 2352 1868 foris
2418 1804 2719 1881 tentorio,

612 1913 908 1972 sanctum
952 1926 1188 1992 corpus
1230 1906 1724 1981 balneaverunt,
1759 1910 1828 1969 et
1872 1904 2180 1969 balneum
2227 1904 2321 1969 ibi
2363 1904 2436 1968 in
2483 1910 2721 1971 terram

614 2007 962 2087 fuderunt;
1007 2011 1076 2072 et
1120 2007 1527 2073 habitatores
1589 2005 1769 2072 cellae
1817 2005 2104 2090 ligneam
2158 2026 2413 2071 crucem
2477 2006 2722 2071 ibidem

616 2114 842 2194 postea
934 2114 1300 2185 erexerunt,
1393 2108 1620 2193 ibique
1696 2107 2022 2172 Dominus
2099 2106 2311 2173 multa
2394 2106 2725 2172 mirabilia

616 2211 825 2276 facere
871 2210 1224 2275 consuevit.
1320 2209 1552 2276 Nostri
1600 2231 1756 2274 vero
1818 2214 2119 2275 sanctum
2173 2230 2406 2295 corpus
2450 2210 2721 2275 lintheis
2750 2211 2997 2289 Wilfrid’s

616 2311 979 2389 induenteS,
1026 2317 1095 2377 et
1154 2311 1227 2376 in
1290 2332 1487 2377 curru
1510 2310 1535 2349 ¹
1597 2316 1935 2397 ponentes,
1991 2284 2554 2397 psalmodiamque
2616 2318 2719 2379 ca-
2747 2281 2949 2395 ἓξὲξ
2965 2352 3017 2395 ω

615 2419 861 2491 nentes,
908 2420 1124 2501 coepto
1171 2414 1408 2479 itinere
1452 2435 1660 2502 usque
1705 2414 1791 2479 ad
1854 2414 2206 2499 Hrypense
2251 2414 2721 2480 monasterium
2746 2411 2917 2476 Ripon
2939 2428 3006 2463 0¹1

614 2522 1067 2602 pervenerunt.
1182 2516 1438 2597 Quibus
1514 2538 1670 2581 mox
1737 2514 1992 2581 familia
2054 2519 2198 2580 tota
2260 2536 2410 2581 cum
2478 2516 2725 2583 sanctis
2749 2480 3031 2594 {Uffigland

613 2619 908 2704 reliquiis
954 2618 1027 2683 in
1089 2618 1355 2683 obviam
1418 2617 1649 2683 exivit.
1745 2618 1940 2683 Paene
1996 2617 2219 2681 nullus
2265 2640 2334 2683 se
2379 2639 2422 2684 a
2464 2618 2723 2705 lachry-
2750 2611 2907 2662 there.

615 2721 737 2785 mis
784 2726 854 2786 et
897 2720 1059 2786 fletu
1105 2720 1446 2785 abstinuit.
1552 2719 1830 2787 Elevata
1892 2742 2051 2786 voce
2113 2741 2263 2786 cum
2325 2720 2595 2805 hymnis
2659 2727 2728 2788 et

617 2822 886 2888 canticis
950 2822 1469 2887 introduxerunt
1528 2821 1615 2887 ad
1682 2844 1767 2899 se,
1837 2827 1907 2888 et
1967 2822 2041 2887 in
2107 2821 2461 2901 basilicam,
2528 2845 2726 2910 quam

618 2931 878 2991 sanctus
923 2925 1227 3011 pontifex
1271 2931 1495 2990 noster
1554 2925 1713 2989 olim
1774 2924 1849 2989 in
1909 2924 2222 3014 honorem
2271 2925 2498 2996 Sancti
2546 2926 2725 2991 Petri

618 3026 917 3112 Apostoli
961 3026 1323 3092 aedificavit
1366 3032 1435 3091 et
1479 3026 1828 3103 dedicavit,
1876 3047 2109 3112 corpus
2153 3028 2546 3094 sanctissimi
2593 3028 2725 3092 viri
2749 3031 2849 3082 His
2874 3047 2987 3098 age,

618 3127 967 3195 honorifice
1029 3128 1489 3215 deposuerunt,
1536 3150 1710 3195 anno
1771 3129 1993 3194 aetatis
2054 3152 2190 3195 suae
2244 3131 2724 3216 septuagesimo
2749 3099 3052 3230 2232&ssng

619 3238 820 3296 sexto.
916 3231 1217 3312 Quantos
1261 3252 1419 3295 vero
1479 3252 1599 3315 per
1657 3231 2097 3317 quadraginta
2158 3254 2277 3296 sex
2335 3254 2542 3297 annos
2589 3233 2724 3318 epi·
2752 3237 2970 3296 scopam.

619 3339 920 3418 scopatus
996 3333 1101 3397 sui
1178 3331 1528 3418 episcopos
1607 3337 1677 3398 et
1751 3333 2184 3419 presbyteros,
2263 3339 2333 3399 et
2424 3334 2726 3400 diacones

620 3435 1053 3512 ordinaverat,
1102 3439 1171 3500 et
1215 3439 1501 3520 quantas
1541 3434 1842 3501 ecclesias
1886 3435 2236 3511 dedicavit,
2270 3435 2417 3520 quis
2464 3458 2726 3501 enume-

619 3556 760 3600 rare
785 3533 811 3573 ²
876 3540 1143 3621 potest?
1256 3535 1465 3621 Cujus
1540 3535 1685 3602 laus
1759 3542 1988 3602 manet
2049 3537 2121 3602 in
2188 3541 2527 3602 zeternum.
2641 3538 2729 3603 Et

620 3637 895 3722 dignum
955 3637 1282 3703 haeredem
1344 3637 1781 3703 Tatberhtum
1837 3639 2320 3724 presbyterum,
2367 3640 2728 3706 secundum

621 3723 1020 3825 praeceptum
1050 3740 1264 3807 sancti
1309 3739 1642 3844 pontificis
1671 3739 1900 3818 nostri,
1932 3740 2413 3806 circumdantes
2443 3742 2728 3837 ‚abbates

623 3839 1056 3907 deduxerunt.
2182 3860 2190 3868 ·

711 3942 960 4008 Iterum
1007 3943 1232 4028 itaque
1283 3940 1598 4030 praefatus
1659 3941 1862 4009 abbas
1922 3941 2289 4029 syndonem
2334 3964 2522 4010 suam
2567 3967 2727 4032 pau·

621 4041 831 4110 lulum
874 4066 917 4111 a
960 4046 1237 4133 pedibus
1297 4047 1822 4113 ministrantium
1882 4048 2284 4113 sordidatam
2344 4071 2547 4135 puero
2608 4071 2727 4114 suo

621 4148 923 4215 ministro
981 4149 1353 4216 involutam
1416 4150 1617 4226 dedit,
1664 4150 2050 4236 praecipiens
2112 4151 2190 4228 ei,
2238 4155 2318 4216 ut
2376 4152 2464 4216 ad
2525 4153 2724 4217 abba-
2751 4153 2994 4231 Abbess·

621 4253 849 4319 tissam
893 4253 1106 4319 sancti
1150 4252 1481 4338 pontificis
1526 4253 1751 4330 nostri,
1788 4254 2056 4319 nomine
2102 4254 2552 4344 Cynethrith,³
2580 4277 2724 4321 eam
2748 4220 3057 4340 ἓζξῗξὲζιὼ

621 4351 1039 4433 deduxissem
1106 4353 1365 4438 sibique
1426 4352 1628 4418 talem
1689 4360 1999 4432 servaret,
2052 4356 2422 4442 usquedum
2482 4356 2724 4422 iterum
2749 4356 2836 4405 the
2860 4354 2960 4404 silk

621 4455 763 4524 Deo
808 4457 1072 4522 volente
1114 4456 1203 4522 ad
1234 4476 1378 4522 eam
1423 4456 1866 4542 pervenisset:
1912 4479 2062 4543 quae
2093 4459 2438 4545 praeceptis
2466 4460 2725 4526 abbatis
2751 4422 3029 4538 fss'gfhssffiit,

2685 4639 2726 4648 ..-

689 4725 706 4760 ¹
739 4729 917 4795 curru]
947 4739 1117 4791 cursu,
1140 4729 1211 4779 A.
1668 4728 1686 4867 ἱ
1792 4733 1813 4762 ⁸
1849 4732 2159 4801 Cynetliritli]
2191 4733 2530 4801 Cyncthryth,
2553 4739 2620 4788 A÷

688 4804 710 4840 ²
742 4808 1049 4877 enumerare]
1080 4824 1180 4861 om.
1204 4809 1323 4862 MS.
1991 4819 1998 4824 ’
2717 4817 2724 4825 “

2324 4904 2370 4964 d
2416 4893 2458 4965 2
