3600 5800
1315 934 1362 981 s
1411 929 1757 983 sommus
1802 929 2121 981 snscom.
2622 916 2751 980 333

654 1114 878 1200 potuit
939 1112 1298 1199 diligentia,
1368 1112 1585 1177 Deum
1653 1113 1762 1177 vel
1835 1111 2155 1180 Sanctum
2220 1111 2462 1178 debitis
2528 1111 2753 1179 officiis

654 1217 966 1282 venerari.
1080 1214 1211 1281 Sed
1275 1220 1417 1279 erat
1476 1214 1682 1280 fossor
1726 1214 1996 1298 quidam
2058 1215 2131 1279 in
2176 1213 2339 1280 villa
2401 1214 2754 1291 Beverlaci,
2783 1218 2836 1283 λ
2859 1234 3089 1286 labem-er

653 1321 875 1384 animo
952 1316 1336 1383 irreverenti
1400 1321 1470 1380 et
1560 1316 1897 1394 infrunito,
1975 1318 2091 1402 qui
2158 1316 2587 1383 nihilominus
2654 1319 2755 1381 in-
2780 1302 3092 1433 {2}quan

656 1424 875 1486 stante
920 1418 1336 1486 solennitatis
1381 1418 1489 1482 die
1533 1418 1713 1503 operi
1774 1418 2038 1484 fossoris
2082 1422 2521 1505 praesumebat
2565 1420 2756 1485 insis-
2785 1432 2858 1484 St„
2881 1434 2953 1485 σο
3027 1436 3069 1483 ’s

654 1530 809 1588 tere.
903 1521 1035 1589 Hic
1063 1543 1105 1588 a
1149 1521 1436 1605 quadam
1482 1520 1706 1586 scrobe
1752 1541 1940 1587 suam
1987 1521 2218 1587 effodit
2260 1522 2605 1608 arg-illam3
2648 1522 2756 1587 vel
2783 1502 2898 1565 ⁶⁸5·

658 1624 1022 1711 cupiditate
1084 1622 1305 1689 lucelli
1369 1642 1518 1689 cum
1579 1640 1715 1687 non
1776 1628 1999 1709 egeret
2064 1623 2339 1701 illectus,
2416 1624 2524 1687 vel
2589 1623 2758 1689 forte

658 1727 966 1813 angustia
1008 1725 1102 1791 rei
1148 1723 1490 1791 familiaris
1534 1723 1862 1801 inductus,
1908 1744 2060 1791 cum
2099 1730 2324 1791 tamen
2391 1724 2759 1790 mendicare

659 1851 858 1915 quam
904 1850 1168 1917 peccare
1208 1834 1371 1895 tunc
1413 1828 1728 1915 temporis
1773 1828 2138 1895 exstitisset
2180 1829 2536 1897 honestius,
2630 1829 2760 1894 De-

660 1936 801 2000 cuit
843 1933 1051 2021 igitur
1111 1939 1188 2000 ut
1252 1935 1448 2000 unius
1511 1950 1711 2020 poena
1768 1954 1812 2001 a
1854 1952 2099 2001 vesana
2159 1934 2441 2021 populus
2500 1934 2759 2002 cohibe-

659 2042 843 2100 retur
884 2036 1173 2103 audacia.
1292 2036 1611 2122 Oportuit
1677 2041 1758 2099 ut
1820 2036 2186 2103 manifestis
2247 2037 2511 2105 indiciis
2577 2041 2760 2122 pate-

659 2138 847 2203 fieret
889 2138 1105 2204 virtus
1167 2138 1378 2205 sancti
1442 2136 1861 2205 Confessoris.
1971 2138 2248 2205 Factum
2309 2142 2411 2204 est
2470 2158 2637 2225 ergo,
2685 2144 2764 2202 ut

659 2241 733 2304 in
776 2241 919 2325 ipso
964 2245 1206 2307 conatu
1249 2240 1464 2326 operis
1507 2240 1766 2306 adesset
1817 2239 1987 2307 ultio
2047 2245 2187 2308 tam
2231 2240 2764 2328 praesumptionis
2881 2294 2886 2301 .

659 2342 1038 2420 temerariae,
1101 2363 1299 2429 quam
1362 2347 1900 2429 praesumptuosae
1968 2344 2374 2408 temeritatis.
2498 2341 2763 2409 Clause-
2790 2356 2887 2408 His
2911 2375 3033 2435 eye7

659 2451 821 2510 runt
864 2464 1147 2531 namque
1190 2466 1260 2510 se
1307 2445 1639 2512 oculorum
1671 2445 1966 2543 ejusdem
2010 2445 2353 2532 palpebrae,
2397 2449 2467 2510 et
2510 2445 2609 2511 ita
2637 2443 2762 2509 sibi
2787 2424 2958 2475 ¹⁸⁵¹¹0⁸
2973 2426 3102 2476 ΒΨ*
3219 2480 3227 2489 -

660 2548 947 2614 invicem
1007 2546 1423 2615 cohaerebant
1484 2547 1673 2633 quasi
1732 2547 1994 2633 glutino
2056 2547 2465 2624 conviscatae,
2512 2551 2592 2611 ut
2636 2546 2766 2611 nisi
2791 2492 3037 2558 together.

660 2651 946 2736 pilorum
992 2650 1459 2742 prominentia·
1478 2650 1934 2715 extremitates
1979 2652 2049 2714 et
2100 2649 2316 2717 locum
2360 2648 2764 2735 conjunctio-

660 2755 765 2818 nis
811 2753 1177 2831 indicasset,
1224 2752 1445 2839 potius
1498 2753 1832 2819 continuae
1893 2751 2094 2818 fuisse
2138 2752 2524 2817 viderentur
2567 2772 2766 2838 quam

660 2855 1004 2944 contiguae.
1115 2855 1489 2942 Repentino
1547 2874 1702 2923 casu
1765 2853 2189 2942 stupefactua
2234 2855 2494 2941 abjecta
2545 2855 2767 2921 scrobe

663 2981 896 3026 manus
940 2959 1250 3047 apposuit
1310 2964 1391 3024 ut
1448 2958 1604 3027 cilia
1662 2959 2028 3038 divideret3
2087 2958 2200 3025 sed
2245 2959 2502 3026 facilius
2547 2964 2767 3045 partes

662 3065 949 3151 rupisset
1010 3064 1373 3142 continuas,
1435 3083 1635 3149 quam
1711 3061 2056 3150 palpebras
2132 3062 2543 3131 dissociasset
2616 3081 2767 3130 con-

663 3166 889 3231 clusas.

754 3266 933 3347 Quid
977 3265 1217 3351 plura?
1269 3265 1386 3352 qui
1431 3263 1630 3351 paulo
1673 3269 1830 3332 ante
1867 3263 2086 3329 visum
2131 3263 2453 3333 habuerat
2497 3270 2767 3333 acutum

666 3374 735 3433 et
795 3369 1228 3453 perspicuum,
1289 3389 1359 3433 se
1409 3367 1553 3452 jam
1599 3364 1816 3431 doluit
1861 3366 2196 3432 oculorum
2258 3367 2507 3432 lumine
2568 3367 2768 3432 desti-

664 3475 906 3534 tutum.
1000 3469 1280 3534 Necesse
1323 3467 1531 3554 igitur
1559 3466 1798 3533 habuit
1828 3469 1909 3531 ut
1947 3467 2136 3533 illum
2180 3465 2453 3534 haberet
2482 3474 2769 3534 tutorem
2793 3486 2904 3536 The
2928 3483 3070 3535 blind

666 3575 735 3635 et
778 3570 1188 3647 advocatum,
1235 3587 1431 3654 quem
1476 3567 1659 3653 prius
1719 3565 2083 3648 offenderat
2142 3589 2260 3655 per
2302 3571 2767 3656 contemptum.
2795 3549 3025 3668 ffissnssto

668 3671 989 3736 Restabat
1034 3675 1114 3736 ut
1156 3669 1271 3755 qui
1318 3669 1655 3735 inflixerat
1698 3668 2114 3754 supplicium,
2160 3670 2559 3757 supplicanti
2605 3691 2769 3756 prae-
2797 3685 2882 3755 ‘¹¹9
2906 3682 3034 3733 min-

670 3779 877 3839 staret
941 3772 1305 3852 auxilium3
1373 3777 1443 3837 et
1487 3772 1603 3857 qui
1662 3791 1928 3857 poenam
1993 3772 2314 3841 intulerat
2368 3775 2456 3840 ad
2518 3793 2771 3861 correp-
2796 3758 2912 3802 “⁰¹'‘

669 3879 933 3954 tionem,
1002 3895 1226 3942 curam
1295 3875 1560 3940 afferret
1618 3875 1706 3940 ad
1771 3895 1908 3940 suae
1974 3875 2247 3941 virtutis
2315 3878 2769 3943 ostensionem.

667 3979 1049 4046 Ducebatur
1093 3979 1300 4064 igitur
1338 3977 1427 4044 ad
1469 3975 1683 4044 sancti
1712 3975 2118 4043 Confessoris
2163 3975 2516 4062 ecclesiam,
2551 4000 2772 4066 super-

668 4085 887 4174 posita
932 4103 1132 4151 manu
1178 4083 1351 4149 laeva
1393 4083 1683 4150 ductoris
1740 4081 2035 4160 humero,
2084 4083 2387 4151 dextram
2448 4083 2772 4151 subeunte

668 4187 918 4254 baculo.
1011 4184 1399 4271 Priusquam
1443 4181 1922 4262 humiliaretur,
1955 4182 2271 4271 deliquit3
2315 4185 2771 4272 multiplicatae

672 4293 831 4353 sunt
889 4286 1307 4351 infirmitates
1360 4285 1519 4371 ejus,
1566 4289 1637 4349 et
1680 4289 1912 4371 postea
1970 4282 2362 4352 acceleravit
2421 4286 2770 4352 ostendens

671 4413 740 4455 se
809 4387 1269 4454 sacerdotibus.
1416 4387 1608 4467 Quod
1688 4386 1950 4473 publice
2016 4386 2447 4465 commiserat,
2510 4387 2771 4474 publice

671 4492 1001 4558 confessus
1046 4495 1182 4568 est3
1242 4494 1311 4554 et
1354 4489 1655 4574 injuncta
1714 4488 1842 4553 sibi
1889 4510 2036 4574 quae
2059 4489 2307 4556 ‘decuit
2357 4490 2770 4576 poenitentia,
2797 4504 2879 4555 He
2906 4505 3032 4555 fasta

672 4594 918 4659 ibidem
964 4614 1081 4678 per
1125 4596 1271 4656 octo
1318 4591 1456 4655 dies
1492 4590 1642 4677 jugi
1688 4589 2015 4677 vigilabat
2065 4590 2474 4677 jejuniorum
2526 4593 2770 4660 acerbi·
2796 4570 3037 4702 {gfygfssh‘

674 4703 829 4773 tate,
880 4696 1331 4779 invictumque
1392 4714 1528 4758 non
1572 4691 1917 4759 relaxabat
1975 4693 2285 4779 spiritum
2330 4696 2415 4761 ab
2460 4697 2770 4764 oratione.

676 4800 1077 4865 Obstructus
1137 4801 1239 4862 est
1289 4801 1547 4863 meatus
1607 4800 1677 4862 et
1722 4795 1835 4863 via
1894 4795 2372 4881 lacrymarum3
2419 4799 2538 4868 sed
2598 4801 2774 4886 quod
