3600 5800
1236 908 1252 923 Ο
1314 839 1633 893 Aocrom:
1676 841 2035 892 mommo.
2593 825 2723 889 449

622 1033 885 1114 separat
926 1049 1037 1094 eos
1083 1028 1272 1114 quasi
1317 1048 1457 1094 oves
1503 1026 1587 1094 ab
1616 1025 1843 1094 hoedis.
1935 1027 2160 1115 Hujus
2189 1028 2369 1094 necis
2414 1027 2723 1114 poculum
2752 1030 2977 1083 &Matt-

621 1129 848 1196 fideles
891 1129 1166 1216 fugiunt
1210 1135 1433 1195 mente
1485 1128 1722 1215 sagaci,
1768 1128 1930 1214 quia
1973 1135 2223 1195 norunt
2266 1129 2593 1217 expellere
2639 1130 2721 1194 de
2748 1113 2874 1150 ἠ
2897 1103 2978 1150 ³²·

622 1231 836 1297 cordis
897 1236 1092 1297 antro
1166 1251 1499 1296 venenum
1568 1230 2011 1320 dissensionis,·
2080 1237 2149 1297 et
2211 1231 2495 1298 fertilem
2572 1254 2721 1319 pro-

622 1332 858 1399 ducere
902 1339 1189 1420 segetem
1250 1332 1333 1398 de
1397 1332 1643 1399 semine
1709 1333 1970 1398 mentis.
2063 1333 2354 1414 Quidam
2413 1335 2592 1400 enim
2637 1357 2723 1401 ex
2750 1345 2903 1398 Some
2916 1345 3043 1397 wish

619 1434 1017 1520 primatibus
1044 1434 1320 1520 hujusce
1349 1435 1634 1521 regionis
1663 1434 1903 1520 eligere
1926 1433 2239 1500 volebant
2269 1436 2588 1501 seniorem
2621 1457 2724 1502 re·
2748 1413 3004 1530 Ὲέζξξᾱ

619 1536 722 1623 gis
754 1536 966 1602 filium
996 1537 1086 1602 ad
1114 1557 1350 1623 regem,
1380 1536 1645 1601 nomine
1683 1534 2166 1602 Eadweardum
2192 1561 2208 1616 ;
2253 1536 2558 1602 nonnulli
2577 1551 2610 1584 θ·
2638 1559 2724 1602 ex
2747 1545 2894 1609 king,
2986 1610 2999 1624 ,

621 1639 1032 1726 principibus
1092 1637 1559 1704 desiderabant
1608 1637 1961 1724 juniorem,
2028 1638 2149 1723 (i.e.
2212 1638 2719 1725 AEthelredum‚)
2747 1610 3030 1742 {³³3¹sser

621 1740 780 1824 quia
838 1741 1068 1812 mitior
1132 1739 1446 1827 apparuit
1511 1737 1818 1820 omnibus
1882 1739 1955 1802 in
2017 1760 2313 1806 sermone
2382 1745 2451 1805 et
2510 1760 2718 1827 opere.
2747 1742 2955 1793 brother

621 1840 855 1907 Senior
883 1863 1040 1908 vero
1068 1863 1206 1907 non
1249 1840 1460 1907 solum
1505 1839 1810 1907 timorem
1854 1840 1971 1906 sed
2013 1840 2216 1907 etiam
2262 1846 2576 1907 terrorem
2620 1843 2723 1906 in-
2747 1808 3009 1940 ἓξὲξ

620 1945 826 2011 cussit
855 1944 1126 2022 cunctis,
1158 1943 1274 2029 qui
1303 1964 1440 2009 non
1467 1942 1689 2009 verbis
1734 1947 2020 2022 tantum,
2050 1965 2282 2009 verum
2328 1945 2531 2009 etiam
2562 1944 2723 2009 diris
2749 1964 3021 2007 stemness.

620 2044 1019 2124 verberibus,
1081 2050 1152 2112 et
1216 2045 1509 2111 maxime
1576 2065 1728 2110 suos
1795 2066 2017 2111 secum
2068 2046 2503 2112 mansitantes
2552 2044 2722 2133 (sic).

619 2147 858 2213 Nonus
885 2147 996 2212 vel
1025 2146 1298 2233 quintus
1342 2147 1596 2213 interea
1638 2145 1984 2213 effluxerat
2011 2146 2254 2214 mensis
2284 2152 2354 2213 et
2398 2147 2724 2214 decimum

619 2247 845 2313 lumen
890 2247 1279 2314 mortalibus
1323 2247 1643 2325 radiabat,
1689 2253 2039 2334 postquam
2084 2248 2225 2334 ipse
2270 2248 2517 2316 electus
2564 2254 2721 2329 erat,
2748 2259 2944 2336 Δροπι-

621 2354 850 2416 contra
879 2370 1075 2435 quem
1105 2349 1209 2414 sui
1238 2348 1467 2414 fratris
1495 2349 1784 2414 zelantes
1815 2342 2370 2416 consurrexenmt
2413 2350 2721 2428 ministri,
2749 2340 2956 2456 {2¹23}

620 2473 771 2518 cum
823 2452 909 2518 ad
972 2451 1195 2518 dilecti
1261 2451 1486 2516 fratris
1546 2451 1773 2517 venire
1838 2453 2262 2518 contenderet
2306 2453 2723 2540 colloquium.
2747 2457 2854 2536 hin}
2872 2457 3030 2536 ‘when'

621 2554 1022 2621 Insidiantes
1068 2556 1160 2620 ‘et
1226 2554 1501 2640 maligni
1546 2555 1931 2640 quaerebant
1996 2556 2288 2621 animam
2332 2556 2721 2638 innocentia,
2744 2524 3060 2642 &gg-hm

621 2657 729 2723 cui
776 2655 1082 2722 Christus
1126 2656 1626 2743 praedestinavit
1668 2661 1740 2723 et
1781 2658 2117 2745 praescivit
2170 2664 2533 2725 consortem
2580 2660 2723 2726 fieri

621 2759 927 2845 martyrii
972 2758 1338 2846 dignitatis.
1431 2758 1731 2841 Quadam
1800 2768 2293 2848 vesperascente
2363 2763 2469 2829 die
2515 2764 2720 2842 venit,

618 2863 805 2949 sicut,
834 2861 1143 2940 diximus,
1189 2862 1579 2950 conspicuus
1621 2868 1823 2951 atque
1870 2865 2116 2932 electus
2160 2886 2279 2931 rex
2321 2866 2410 2931 ad
2454 2867 2723 2932 domum

621 2987 751 3052 quo
828 2987 985 3030 suus
1048 2966 1467 3052 praedilectus
1511 2964 1715 3032 frater
1775 2967 2026 3032 mansit
2070 2989 2219 3032 cum
2265 2968 2509 3053 regina,
2557 2969 2727 3035 desi·

621 3067 856 3131 derans
900 3066 1414 3148 consolationem
1445 3066 1720 3131 fraterni
1772 3067 2050 3146 amoris3
2095 3068 2202 3133 cui
2234 3069 2500 3133 obviam
2546 3070 2725 3135 exie-
2748 3071 2860 3149 ’,ΓΒΕ
2891 3087 3062 3137 ean-y-

621 3171 798 3243 runt,
832 3171 910 3230 ut
970 3166 1207 3242 decuit,
1255 3166 1612 3251 optimates
1657 3172 1727 3231 et
1770 3167 2104 3251 primore-3,
2138 3170 2253 3253 qui
2299 3191 2448 3235 cum
2495 3170 2724 3256 regina
2748 3152 2841 3254 {fig
2856 3140 3035 3269 gffltf'f

622 3266 831 3352 ipsius
889 3272 1100 3332 matre
1142 3267 1517 3332 manebant.
1607 3265 2026 3354 Acceperunt
2071 3268 2248 3333 inter
2295 3291 2364 3335 se
2416 3271 2722 3357 iniquum

623 3368 983 3446 consilium,
1031 3368 1145 3453 qui
1177 3369 1276 3433 ita
1320 3368 1701 3434 damnatam
1730 3369 2069 3436 habebant
2097 3376 2388 3436 mentem
2419 3378 2488 3438 et
2516 3373 2722 3439 nebu-

621 3468 827 3535 losam
891 3470 1282 3535 diabolicam
1346 3469 1713 3556 caliginem,
1760 3476 1840 3535 ut
1905 3493 2041 3538 non
2103 3472 2414 3539 timerent
2485 3496 2721 3541 manus

623 3571 984 3637 immittere
1035 3571 1109 3635 in
1155 3570 1498 3638 Christum
1563 3570 1853 3637 Domini.
1967 3572 2505 3642 Circumstabant
2566 3600 2719 3643 eum

621 3674 916 3760 undique
960 3673 1200 3739 armati
1246 3672 1393 3751 viri,
1462 3694 1613 3739 cum
1679 3674 1921 3760 quibus
1987 3681 2058 3742 et
2119 3677 2434 3762 pincerna
2480 3680 2720 3746 hu'mili
2782 3690 2797 3711 ⁸

621 3775 833 3841 officio
876 3776 1141 3842 astabat
1185 3775 1639 3842 ministrando,
1731 3775 2045 3844 Habebat
2080 3779 2257 3843 enim
2289 3781 2451 3845 satis
2479 3803 2722 3868 paucos

622 3877 867 3942 milites
911 3899 1131 3945 secum
1189 3899 1310 3942 rex
1355 3878 1786 3956 venerandus,
1835 3881 1994 3964 quia
2051 3900 2186 3946 non
2239 3881 2471 3947 timuit
2515 3905 2722 3969 quen-

622 4001 840 4064 quam,
909 3979 1244 4046 confidens
1316 3979 1403 4045 ‘im
1461 3978 1760 4046 Domino
1811 3986 1872 4046 et
1929 3980 2015 4046 in
2081 3983 2391 4068 potentia
2441 3984 2721 4052 virtutis
2746 3994 2935 4060 Ephes.
2960 3995 3025 4047 vi.

620 4083 812 4167 Ejus,
905 4082 1068 4148 Erat
1120 4082 1352 4147 doctus
1413 4080 1666 4147 Divina
1725 4082 1885 4168 lege,
1934 4083 2208 4150 docente
2251 4086 2570 4174 episcopo
2618 4088 2721 4152 Si·
2746 4068 2904 4189 lgssho

620 4183 990 4262 demanno‚¹
1067 4184 1184 4270 qui
1259 4189 1327 4249 et
1404 4183 1716 4249 robustus
1792 4190 1937 4250 erat
2010 4206 2275 4272 corpore
2353 4192 2423 4253 et
2498 4189 2718 4255 durus.
2749 4155 2990 4256 sideman

619 4286 928 4373 Namque
1004 4306 1155 4352 cum
1218 4284 1637 4351 insidiatores
1722 4285 1867 4372 ejus
1934 4286 2154 4373 ipsum
2221 4288 2568 4368 vallarent,
2634 4299 2719 4370 et,
2746 4271 3022 4390 ἓξὲξ,

618 4388 809 4454 velut
882 4388 928 4455 J
929 4388 1105 4454 udaei
1176 4409 1507 4454 summum
1578 4386 1920 4454 Christum
1982 4390 2141 4455 olim
2222 4390 2721 4475 circumdarent,
2746 4410 2900 4457 tutor.
2945 4356 2982 4406 g

1337 4545 1360 4568 ⁸
1383 4537 1630 4592 mulli]
1657 4539 1813 4591 multi.
1828 4541 1990 4586 interl.

719 4749 733 4781 ¹
767 4748 964 4815 Bishop
985 4750 1050 4802 of
1065 4748 1323 4803 Crediton.
1392 4748 1474 4800 He
1495 4749 1613 4801 died
1635 4749 1687 4800 in
1711 4753 1827 4803 977.
1893 4750 2006 4803 The
2028 4758 2137 4803 text
2157 4751 2250 4804 has
2271 4753 2603 4808 Fidemanno.

2328 4852 2371 4900 F
2415 4854 2458 4902 F
