3600 5800
1321 869 1371 918 s.
1418 866 1766 917 sonamus
1811 864 2130 915 nmscom.
2287 848 2294 859 ’
2640 848 2766 913 331

670 1073 842 1119 cesse
888 1053 1126 1119 habuit
1170 1053 1240 1117 in
1287 1054 1519 1118 matris
1564 1054 1768 1138 tetige
1787 1052 1814 1090 ¹
1857 1056 2115 1117 mutare
2178 1049 2410 1127 locum,
2471 1046 2776 1115 manibus
2801 1055 2887 1106 He
2910 1054 3088 1133 oravi:

671 1159 739 1219 et
782 1156 1059 1241 genibus
1105 1154 1294 1240 quasi
1355 1154 1633 1240 pedibus
1694 1158 1980 1239 quatuor
2039 1152 2467 1229 innitebatur,
2514 1151 2589 1215 in
2640 1172 2777 1215 mo·
2801 1121 2976 1238 ἓξὲξ
2985 1187 3089 1237 and

671 1256 830 1320 dum
907 1256 1425 1341 quadrupedum.
1550 1255 2001 1322 Consueverat
2076 1259 2292 1321 mater
2365 1251 2775 1339 paupercula,
2803 1256 2920 1305 feet.

671 1359 931 1422 uterino
975 1378 1094 1422 suo
1139 1377 1476 1443 compassa
1520 1362 1590 1421 et
1635 1357 1778 1442 ejus
1827 1356 2183 1422 condolens
2228 1356 2525 1433 miseriae,
2557 1356 2775 1441 ipsum
2803 1367 2901 1419 His
2911 1368 3112 1419 mother

671 1458 963 1523 humeris
1008 1459 1411 1544 impositum,
1474 1458 1661 1523 festis
1721 1458 2051 1543 praecipue
2113 1456 2360 1537 diebus,
2405 1457 2491 1522 ad
2546 1456 2775 1522 Sancti
2800 1435 3070 1565 goergytl‘iim

673 1559 719 1624 J
719 1558 998 1624 ohannis
1043 1559 1379 1625 ecclesiam
1440 1560 1801 1646 deportare,
1850 1580 2000 1623 eum
2054 1559 2259 1643 juxta
2301 1558 2600 1622 tumbam
2645 1557 2773 1623 col-
2799 1566 2962 1644 tofhoe

674 1661 962 1739 locande,
995 1662 1203 1728 donec
1231 1663 1448 1747 ipsum
1481 1662 1803 1747 completo
1833 1666 2199 1746 reportaret
2216 1658 2442 1725 officio,
2535 1658 2774 1745 Super·
2799 1638 3100 1749 fflb‘gk‘ffn

674 1769 818 1827 erat
861 1763 1038 1827 enim
1085 1769 1163 1828 ut
1207 1763 1616 1828 solummodo
1677 1763 2000 1827 Divinum
2062 1766 2472 1847 exspectaret
2515 1760 2776 1844 adjuto-

673 1865 864 1942 rium,
910 1887 1059 1931 cum
1096 1865 1240 1950 jam
1286 1865 1680 1931 invaluisset
1723 1864 1866 1929 haec
1913 1863 2116 1949 pestis
2161 1863 2233 1925 in
2276 1861 2656 1927 triennium.

762 1964 1099 2049 Abjiciens
1160 1965 1367 2050 igitur
1410 1964 1714 2029 fimditus
1775 1985 1955 2048 spem
2021 1962 2380 2028 curationis
2447 1960 2773 2037 humanae,

675 2067 918 2133 confisa
963 2072 1065 2131 est
1123 2067 1196 2130 in
1256 2066 1557 2143 Domin0‚
1604 2086 1740 2131 non
1784 2066 1857 2129 in
1916 2064 2219 2142 homine3
2283 2085 2418 2128 non
2464 2063 2777 2127 dubitans

676 2168 840 2253 quin
886 2168 1018 2248 Qui
1071 2168 1597 2253 quadriduanum
1663 2167 2013 2232 suscitavit
2071 2165 2472 2242 defunctum,
2518 2168 2780 2250 poterat

676 2275 746 2333 et
788 2269 1116 2333 triennem
1161 2270 1407 2355 erigere
1454 2273 1882 2335 contractum.
1997 2267 2167 2333 Cum
2205 2267 2348 2352 jam
2393 2266 2467 2330 in
2512 2265 2618 2331 die
2664 2265 2775 2329 de-

676 2370 1018 2456 positionis
1094 2371 1271 2436 beati
1349 2371 1752 2438 Confessoris
1827 2371 2044 2457 ipsum
2117 2370 2205 2435 ad
2281 2369 2615 2435 ecclesiam
2694 2389 2778 2431 ex
2804 2383 2885 2435 On
2906 2400 3005 2436 one

678 2495 856 2538 more
925 2472 1284 2549 detulisset,
1348 2480 1418 2538 et
1484 2472 1862 2539 collocasset
1920 2472 2007 2536 ad
2074 2471 2390 2547 tumbam,
2459 2467 2778 2535 Divinam
2805 2451 3091 2582 fflsssses

678 2574 987 2639 obnixius
1048 2575 1387 2640 invocavit
1432 2574 1869 2650 clementiam,
1916 2579 1997 2638 ut
2040 2573 2179 2636 filio
2223 2593 2344 2636 suo
2390 2572 2779 2657 dignaretur
2801 2582 2908 2633 him
2931 2592 2985 2634 at
3007 2585 3096 2635 the

677 2676 966 2741 conferre
1019 2675 1354 2739 medelam.
1449 2674 1820 2740 Confessori
1881 2673 2283 2759 supplicavit
2336 2674 2775 2751 devotissime,
2802 2651 2960 2710 ¹⁰¹”b’

678 2783 755 2842 ut
800 2799 918 2863 pro
962 2777 1065 2840 sui
1126 2776 1561 2842 intercederet
1628 2775 1751 2840 filii
1816 2776 2148 2861 sospitate.
2262 2775 2504 2841 Oravit
2567 2784 2780 2841 mater
2806 2787 2908 2836 and
2930 2803 3080 2867 prays

677 2901 795 2965 pro
854 2878 1006 2944 filio,
1121 2878 1247 2944 Pro
1310 2901 1379 2943 se
1440 2877 1657 2944 oravit
1719 2883 1790 2943 et
1857 2876 2036 2970 filius
2102 2877 2411 2964 lacrymis
2479 2876 2781 2964 perfusus
2807 2854 2886 2905 for
2908 2853 3031 2906 Μ·

678 2979 1004 3044 uberibus.
1099 2979 1467 3044 Exaudivit
1494 2984 1717 3044 autem
1765 3000 1875 3043 eos
1904 2976 2116 3044 Pater
2149 2978 2782 3045 mammo-diarum
2805 2997 2836 3040 2
2862 2993 2980 3044 Cor.
3006 2993 3037 3044 i.
3062 2999 3109 3042 3.

678 3090 735 3147 ct
803 3071 983 3147 Deus
1048 3082 1256 3148 totius
1323 3081 1798 3147 consolationis
1841 3082 1914 3144 in
1982 3103 2102 3147 sua
2166 3081 2600 3158 invocatione,
2648 3082 2778 3161 Qui

678 3203 880 3266 prope
924 3187 1026 3246 est
1055 3181 1362 3246 omnibus
1403 3181 1867 3246 invocantibus
1910 3180 2080 3244 Eum
2126 3182 2199 3244 in
2230 3177 2529 3247 veritate.
2625 3182 2782 3246 Non

680 3281 902 3365 potuit
947 3281 1040 3345 eis
1108 3281 1328 3345 deesse
1395 3280 1721 3344 Dominus
1781 3279 2061 3364 adjutor,
2109 3302 2227 3366 pro
2275 3281 2514 3365 quibus
2580 3281 2781 3345 inter-

680 3381 869 3444 venit
897 3385 1126 3445 tantus
1156 3381 1555 3445 intercessor.
1650 3380 1894 3444 Volens
1924 3402 2078 3466 ergo
2120 3380 2444 3445 Dominus
2488 3382 2783 3468 urgentis
2905 3389 2924 3396 ’

682 3479 1095 3545 solennitatis
1140 3481 1315 3545 diem
1361 3481 1733 3545 ostensione
1796 3480 2100 3547 miraculi
2145 3481 2633 3546 memorabilius
2682 3505 2781 3548 so-

680 3581 959 3658 lennem,
1006 3587 1075 3646 et
1119 3581 1190 3645 in
1235 3588 1572 3667 posterum
1604 3582 1941 3647 solennius
1986 3581 2212 3652 haberi
2258 3583 2786 3661 memorabilem;

680 3683 1099 3749 adstantibus
1166 3683 1492 3750 universis
1545 3685 1660 3770 qui
1721 3685 1809 3749 ad
1878 3683 2072 3750 horas
2135 3686 2499 3752 matutinas
2551 3708 2783 3752 conve·
2811 3687 2925 3738 The
2948 3690 3046 3755 δοῖ
3063 3688 3105 3738 ³⁸

682 3791 933 3862 nerant,
980 3785 1281 3851 morbum
1336 3807 1467 3871 quo
1528 3785 1943 3851 laboraverat
2005 3786 2528 3853 adolescentulus
2591 3790 2782 3854 mira-
2809 3755 2975 3804 ⁰⁰¹⁹&

684 3887 907 3952 biliter
951 3888 1288 3973 effugavit,
1336 3893 1404 3952 et
1463 3909 1616 3952 eum
1662 3888 1877 3953 erexit
1936 3888 2326 3954 incolumen.
2444 3890 2784 3956 Relaxatis

685 3989 904 4054 nervis
949 3996 1239 4054 extensae
1300 3995 1461 4054 sunt
1505 3990 1732 4069 tibiae;
1796 3990 2140 4056 rectificati
2203 3997 2364 4055 sunt
2415 3991 2625 4057 flexus
2669 4014 2783 4077 po-

683 4090 961 4177 plitum;
1023 4090 1314 4182 pedibus,
1363 4092 1479 4176 qui
1539 4092 1806 4157 distorti
1869 4092 2148 4169 fuerant,
2210 4092 2551 4158 incedendi
2601 4114 2783 4178 repa-

684 4198 869 4257 ratur
943 4192 1242 4259 officium.
1364 4194 1636 4258 Erectus
1718 4193 1927 4280 igitur
2003 4199 2072 4258 et
2145 4195 2421 4279 pedibus
2497 4195 2782 4271 innixus,

686 4294 947 4358 vultum
993 4294 1340 4360 attollebat
1387 4295 1475 4360 ad
1538 4295 1787 4371 caelum,
1836 4317 2031 4380 quem
2085 4296 2282 4382 paulo
2324 4302 2480 4362 ante
2523 4297 2610 4362 ad
2653 4303 2782 4361 ter-

686 4417 825 4461 ram
870 4396 1194 4462 habuerat
1237 4396 1562 4462 defixum:
1632 4397 1704 4460 in
1763 4397 2046 4483 speciem
2106 4398 2454 4462 restitutus
2514 4404 2616 4463 est
2657 4398 2781 4463 hu-

1358 4552 1643 4562 ——n———n-

1841 4554 1938 4560 *ι
2019 4549 2132 4561 -ῌ-
2177 4555 2322 4563 -..η-

654 4655 677 4670 ’
758 4648 773 4680 ¹
811 4649 982 4715 tetiqe]
1013 4649 1126 4700 The
1148 4649 1313 4702 editor
1334 4649 1395 4700 of
1410 4650 1497 4701 the
1521 4652 1659 4701 Acta
1685 4649 1777 4702 SS.
1804 4665 2051 4716 supposes
2077 4651 2188 4700 that
2208 4650 2309 4701 this
2333 4652 2376 4702 is
2399 4652 2640 4703 identical
2662 4654 2784 4706 with

689 4736 816 4783 tecto
842 4744 901 4780 or
923 4730 1137 4796 tuqus-io,
1276 4727 1319 4770 ⁸
