3600 5800
851 848 982 912 464
1501 863 1664 911 vm
1708 863 1952 912 SANcn
1999 861 2328 926 oswium,

844 1050 1371 1129 ammirarentur,
1424 1052 1716 1118 maxime
1779 1056 2050 1140 propter
2093 1053 2315 1119 aetatis
2390 1057 2818 1131 senectutem,
2881 1057 2953 1119 et

842 1157 1110 1239 propter
1172 1153 1586 1219 debilitatem
1654 1155 1942 1241 corporis
2019 1176 2219 1241 quam
2295 1155 2619 1221 sustinuit
2697 1155 2816 1219 diu
2878 1153 2951 1218 in

842 1276 1123 1340 corpore.
1214 1254 1487 1321 Patrato
1533 1255 1744 1322 officio
1788 1256 2025 1321 Divini
2071 1258 2481 1335 sacramenti,
2528 1262 2679 1343 post
2730 1256 2952 1322 Evan-

839 1356 998 1444 gelii
1095 1357 1566 1435 recitationem,
1666 1358 1807 1424 dux
1904 1381 2078 1445 saepe
2169 1359 2552 1425 nominatus
2636 1357 2953 1426 offerebat

841 1462 1139 1549 pontifici
1214 1485 1470 1529 summo
1544 1462 1832 1528 hostiam
1898 1463 2130 1542 laudis,
2195 1463 2321 1531 hoc
2382 1464 2665 1550 implens
2739 1462 2951 1530 cordis

843 1564 1216 1642 devotione,
1281 1565 1458 1650 quod
1533 1564 1961 1650 hymnidicus
2038 1566 2277 1633 chorus
2344 1566 2701 1632 resonabat
2766 1565 2950 1631 vocis

840 1665 1307 1731 modulatione.
1430 1665 1559 1730 His
1656 1664 2066 1731 sollemniter
2154 1665 2382 1744 finitis,
2469 1667 2717 1732 reversi
2790 1670 2951 1731 sunt

839 1769 1062 1834 cuncti
1106 1768 1193 1833 ad
1255 1768 1677 1834 refectionem
1723 1790 1926 1854 quam
1972 1768 2065 1833 eis
2132 1768 2366 1834 beatus
2413 1768 2552 1833 dux
2620 1789 2947 1854 praepara-

839 1875 1031 1934 verat
1094 1869 1437 1955 dapsiliter
1502 1869 1591 1936 ad
1654 1870 2002 1937 edendum.
2096 1868 2357 1936 Cuncta
2419 1891 2568 1956 quae
2614 1870 2947 1956 quondam

840 1970 1153 2036 Salomon
1233 1972 1372 2036 suis
1437 1972 1644 2058 regali
1707 1971 2010 2058 potentia
2076 1970 2287 2036 fretus
2362 1971 2651 2048 dederat,
2727 1970 2950 2037 omnia

841 2073 967 2139 iste
1012 2095 1147 2138 non
1214 2073 1426 2139 solum
1495 2073 1849 2139 carnaliter
1908 2072 2025 2138 sed
2086 2073 2289 2138 etiam
2353 2073 2741 2159 spiritaliter
2802 2094 2946 2158 per-

843 2180 1082 2261 egerat.
1177 2174 1485 2240 Dicatam
1563 2173 1832 2240 Christo
1909 2172 2263 2251 ecclesiam,
2341 2195 2541 2259 quam
2636 2173 2949 2239 nobiliter

838 2276 1073 2342 aeditui
1103 2279 1509 2343 ornaverunt
1538 2274 1813 2341 cortinis
1844 2280 1913 2340 et
1956 2274 2207 2361 palleis,
2240 2280 2310 2340 et
2354 2274 2804 2362 multiphariis
2834 2296 2939 2341 ac-

840 2379 1052 2446 censis
1081 2379 1538 2456 luminaribuS,
1571 2377 1722 2463 quis
1752 2378 2159 2443 annuntiet?
2222 2377 2394 2444 Cum
2440 2381 2615 2442 esset
2658 2398 2802 2442 sero
2832 2375 2945 2442 die

840 2486 974 2563 illo,
1009 2491 1078 2550 et
1121 2485 1426 2550 fenestrae
1474 2489 1692 2550 essent
1736 2484 2059 2571 opilatae,²
2109 2484 2399 2549 aedituus
2444 2490 2712 2551 strenue
2744 2484 2948 2570 coepit

840 2586 1278 2653 ecclesiastica
1338 2585 1506 2649 tuba
1573 2585 1743 2649 filios
1789 2585 2078 2650 invitare
2123 2606 2277 2649 suos
2321 2584 2408 2649 ad
2460 2606 2549 2663 se,
2593 2586 2781 2671 cujus
2844 2606 2945 2650 so-

836 2688 1019 2752 nitus
1064 2685 1489 2772 dignissimus
1519 2685 1876 2769 perterruit
1904 2685 2289 2769 nequissimi
2320 2685 2638 2750 daemonis
2682 2686 2946 2751 fraudes

837 2786 1066 2873 procul
1108 2807 1151 2851 a
1193 2785 1335 2850 loco
1381 2783 1747 2860 benedicte,
1794 2783 1954 2868 quia
1999 2785 2308 2849 decenter
2352 2784 2573 2850 fuerat
2617 2808 2947 2851 commen-

836 2888 1033 2954 datus
1056 2885 1080 2924 ¹
1126 2906 1366 2971 magno
1412 2883 1789 2962 Benedicto‚
1837 2883 1953 2970 qui
2019 2884 2081 2949 ei
2148 2906 2405 2970 semper
2470 2885 2809 2950 restiterat
2870 2886 2945 2951 in

836 2988 1104 3056 brachio
1149 2992 1435 3053 extento.
1529 2985 2034 3051 Introeuntibus
2094 2985 2485 3071 praesulibus
2530 2991 2601 3051 et
2645 2986 2942 3065 ducibus,

839 3091 1193 3157 abbatibus
1237 3094 1308 3154 et
1336 3088 1682 3166 militibus,
1729 3088 2016 3175 populus
2060 3092 2164 3153 est
2222 3093 2620 3175 aggregatus
2664 3087 2944 3154 immen-

503 3195 611 3245 The
627 3193 818 3246 service
841 3214 970 3270 sus,
1017 3191 1134 3278 qui
1200 3196 1476 3256 cunctus
1530 3210 1799 3255 cernens
1867 3188 2080 3254 sancti
2144 3187 2378 3274 templi
2441 3187 2738 3274 gloriam,
2801 3188 2946 3255 Deo

503 3261 558 3310 in
580 3261 669 3312 the

502 3327 711 3391 chax-eh,

506 4013 608 4062 and
623 4012 688 4090 ‘of
705 4013 792 4063 the

505 4093 684 4129 munuc.

842 3295 985 3362 caeli
1017 3297 1494 3360 enarraverunt
1537 3297 1758 3357 mente
1802 3312 2033 3357 serena
2062 3295 2133 3356 et
2162 3291 2356 3357 corde
2399 3292 2652 3358 sincero
2696 3291 2942 3358 laudes.

841 3396 1243 3462 Monasticus
1288 3416 1447 3459 vero
1489 3414 1736 3459 cuneus
1782 3393 2021 3458 devote
2065 3392 2270 3478 coepit
2313 3414 2392 3458 ea
2436 3414 2584 3479 quae
2630 3393 2757 3459 Dei
2803 3399 2946 3460 erat

841 3501 1222 3585 persolvere,
1256 3496 1627 3563 exordiario
1656 3518 1808 3562 cum
1851 3496 2070 3561 tribus
2115 3496 2307 3562 sociis
2337 3495 2608 3562 chorum
2657 3502 2941 3563 tenente.

840 3602 1173 3687 Explicito
1249 3599 1550 3664 sollemni
1614 3597 1835 3684 jubilo
1908 3598 2335 3684 responsorio,
2412 3598 2560 3664 laus
2633 3600 2945 3666 laudibus

841 3701 1240 3787 hymnisque
1300 3699 1593 3786 hymnus
1615 3696 1641 3737 ²
1715 3699 1991 3766 allectus
2065 3705 2185 3765 est.
2277 3699 2586 3787 Namque
2630 3702 2946 3789 magister

841 3825 1232 3890 organorum
1298 3823 1450 3868 cum
1516 3801 1782 3887 agmine
1847 3801 2146 3867 ascendit
2190 3801 2585 3887 populorum
2646 3803 2720 3867 in
2788 3802 2944 3869 altis

842 3905 1123 3983 sedibus,
1171 3924 1302 3988 quo
1369 3901 1716 3969 tonitruali
1779 3902 2004 3967 sonitu
2073 3902 2396 3968 excitavit
2462 3910 2715 3969 mentes
2782 3905 2941 3970 fide-

843 4008 1007 4073 lium
1055 4006 1323 4071 laudare
1364 4026 1607 4070 nomen
1654 4003 1944 4068 Domini.
2037 4002 2203 4069 Haec
2255 4004 2536 4069 audiens
2598 4006 2944 4091 gratulans
3076 4038 3083 4047 ·

844 4111 1079 4178 chorus
1140 4108 1413 4174 auribus
1479 4106 1803 4194 benignis,
1852 4104 2138 4183 Christo,
2209 4113 2587 4172 sanctorum
2656 4109 2773 4194 qui
2841 4113 2944 4173 est

845 4214 1041 4279 decus
1115 4209 1539 4297 Angelorum,
1604 4207 2008 4273 studuerunt
2070 4207 2272 4273 melos
2347 4208 2645 4295 psallere,
2721 4211 2943 4278 dulces

844 4313 1224 4381 alternatim
1299 4310 1750 4396 concrepando
1824 4308 2069 4375 laudes.
2193 4307 2366 4373 Cum
2441 4310 2717 4378 dextera
2790 4334 2943 4400 pars

840 4438 1075 4483 sonum
1118 4412 1452 4480 melodum
1496 4415 1878 4499 personaret
1919 4410 2192 4496 inclytis
2221 4411 2511 4490 vocibus,
2557 4417 2704 4478 tum
2750 4414 2942 4479 sinis-

1516 4555 1536 4579 ·
1561 4546 1778 4603 opilata]
1797 4545 2154 4600 damnator-1.
2170 4546 2273 4594 MS.

849 4674 1218 4683 -φ--Μ--φ-
1231 4673 1284 4681 .—

911 4763 926 4795 ¹
961 4760 1345 4827 commendam]
1372 4761 1745 4819 commendato,
1766 4758 1880 4811 MS.
1910 4757 1921 4821 Ι
2035 4757 2058 4790 ²
2087 4756 2315 4826 hymnus]
2342 4758 2537 4824 hymni,
2560 4760 2674 4814 MS.
