<?xml version="1.0" encoding="UTF-8"?>
<!DOCTYPE html PUBLIC "-//W3C//DTD XHTML 1.0 Transitional//EN"
    "http://www.w3.org/TR/xhtml1/DTD/xhtml1-transitional.dtd">
<html xmlns="http://www.w3.org/1999/xhtml" xml:lang="en" lang="en">
 <head>
  <title>
</title>
<meta http-equiv="Content-Type" content="text/html;charset=utf-8" />
  <meta name='ocr-system' content='tesseract 3.04.00' />
  <meta name='ocr-capabilities' content='ocr_page ocr_carea ocr_par ocr_line ocrx_word'/>
</head>
<body>
  <div class='ocr_page' id='page_1' title='image "./historianschurc01raingoog_0382.png"; bbox 0 0 3600 5800; ppageno 0'>
   <div class='ocr_carea' id='block_1_1' title="bbox 497 1036 782 1091">
    <p class='ocr_par' dir='ltr' id='par_1_1' title="bbox 497 1036 782 1091">
     <span class='ocr_line' id='line_1_1' title="bbox 497 1036 782 1091; baseline 0.011 -2"><span class='ocrx_word' id='word_1_1' title='bbox 497 1036 615 1090; x_wconf 85' lang='lat' dir='ltr'><strong>The</strong></span> <span class='ocrx_word' id='word_1_2' title='bbox 637 1052 782 1091; x_wconf 78' lang='lat' dir='ltr'><strong>sanc·</strong></span> 
     </span>
    </p>
   </div>
   <div class='ocr_carea' id='block_1_2' title="bbox 837 834 2162 901">
    <p class='ocr_par' dir='ltr' id='par_1_2' title="bbox 837 834 2162 901">
     <span class='ocr_line' id='line_1_2' title="bbox 837 834 2162 901; baseline 0.002 -4"><span class='ocrx_word' id='word_1_3' title='bbox 837 834 969 901; x_wconf 83' lang='lat'><strong>298</strong></span> <span class='ocrx_word' id='word_1_4' title='bbox 1591 847 1756 898; x_wconf 60' lang='lat' dir='ltr'><strong>Aua</strong></span> <span class='ocrx_word' id='word_1_5' title='bbox 1800 847 2162 900; x_wconf 62' lang='lat' dir='ltr'><strong>malcum</strong></span> 
     </span>
    </p>
   </div>
   <div class='ocr_carea' id='block_1_3' title="bbox 834 1031 2930 1120">
    <p class='ocr_par' dir='ltr' id='par_1_3' title="bbox 834 1031 2930 1120">
     <span class='ocr_line' id='line_1_3' title="bbox 834 1031 2930 1120; baseline 0.001 -21"><span class='ocrx_word' id='word_1_6' title='bbox 834 1038 1035 1100; x_wconf 84' lang='lat' dir='ltr'><strong>veret.</strong></span> <span class='ocrx_word' id='word_1_7' title='bbox 1130 1033 1262 1114; x_wconf 82' lang='lat' dir='ltr'><strong>Qui</strong></span> <span class='ocrx_word' id='word_1_8' title='bbox 1329 1053 1487 1099; x_wconf 90' lang='lat' dir='ltr'><strong>vero</strong></span> <span class='ocrx_word' id='word_1_9' title='bbox 1560 1031 1736 1098; x_wconf 69' lang='lat' dir='ltr'><strong>infra</strong></span> <span class='ocrx_word' id='word_1_10' title='bbox 1797 1038 1934 1098; x_wconf 86' lang='lat' dir='ltr'><strong>tres</strong></span> <span class='ocrx_word' id='word_1_11' title='bbox 2000 1053 2226 1100; x_wconf 84' lang='lat' dir='ltr'><strong>cruces</strong></span> <span class='ocrx_word' id='word_1_12' title='bbox 2284 1032 2594 1120; x_wconf 82' lang='lat' dir='ltr'><strong>lapideas,</strong></span> <span class='ocrx_word' id='word_1_13' title='bbox 2658 1033 2930 1101; x_wconf 83' lang='lat' dir='ltr'><strong>mirifice</strong></span> 
     </span>
    </p>
   </div>
   <div class='ocr_carea' id='block_1_4' title="bbox 497 1112 2985 1331">
    <p class='ocr_par' dir='ltr' id='par_1_4' title="bbox 497 1112 2985 1331">
     <span class='ocr_line' id='line_1_4' title="bbox 497 1112 2931 1225; baseline -0.001 -20"><span class='ocrx_word' id='word_1_14' title='bbox 497 1112 800 1225; x_wconf 50' lang='lat' dir='ltr'><strong>ww„</strong></span> <span class='ocrx_word' id='word_1_15' title='bbox 832 1136 1136 1223; x_wconf 82' lang='lat' dir='ltr'><strong>sculptas,</strong></span> <span class='ocrx_word' id='word_1_16' title='bbox 1184 1140 1255 1201; x_wconf 92' lang='lat' dir='ltr'><strong>et</strong></span> <span class='ocrx_word' id='word_1_17' title='bbox 1296 1137 1384 1203; x_wconf 90' lang='lat' dir='ltr'><strong>ad</strong></span> <span class='ocrx_word' id='word_1_18' title='bbox 1427 1135 1775 1205; x_wconf 87' lang='lat' dir='ltr'><strong>introitum</strong></span> <span class='ocrx_word' id='word_1_19' title='bbox 1821 1135 2161 1203; x_wconf 87' lang='lat' dir='ltr'><strong>Beverlaci</strong></span> <span class='ocrx_word' id='word_1_20' title='bbox 2187 1141 2352 1204; x_wconf 82' lang='lat' dir='ltr'><strong>tunc</strong></span> <span class='ocrx_word' id='word_1_21' title='bbox 2393 1138 2480 1203; x_wconf 86' lang='lat' dir='ltr'><strong>ab</strong></span> <span class='ocrx_word' id='word_1_22' title='bbox 2525 1136 2750 1202; x_wconf 89' lang='lat' dir='ltr'><strong>eodem</strong></span> <span class='ocrx_word' id='word_1_23' title='bbox 2778 1159 2931 1223; x_wconf 89' lang='lat' dir='ltr'><strong>rege</strong></span> 
     </span>
     <span class='ocr_line' id='line_1_5' title="bbox 499 1237 2985 1331; baseline -0.002 -23"><span class='ocrx_word' id='word_1_24' title='bbox 499 1238 806 1302; x_wconf 61' lang='lat' dir='ltr'><strong>mentioned,</strong></span> <span class='ocrx_word' id='word_1_25' title='bbox 832 1245 1093 1316; x_wconf 75' lang='lat' dir='ltr'><strong>erectae,</strong></span> <span class='ocrx_word' id='word_1_26' title='bbox 1140 1237 1311 1305; x_wconf 87' lang='lat' dir='ltr'><strong>hanc</strong></span> <span class='ocrx_word' id='word_1_27' title='bbox 1371 1259 1599 1325; x_wconf 88' lang='lat' dir='ltr'><strong>pacem</strong></span> <span class='ocrx_word' id='word_1_28' title='bbox 1661 1237 2032 1315; x_wconf 88' lang='lat' dir='ltr'><strong>violaverit,</strong></span> <span class='ocrx_word' id='word_1_29' title='bbox 2077 1237 2327 1324; x_wconf 87' lang='lat' dir='ltr'><strong>viginti</strong></span> <span class='ocrx_word' id='word_1_30' title='bbox 2393 1243 2678 1324; x_wconf 85' lang='lat' dir='ltr'><strong>quatuor</strong></span> <span class='ocrx_word' id='word_1_31' title='bbox 2728 1238 2929 1331; x_wconf 69' lang='lat' dir='ltr'><strong>libras</strong></span> <span class='ocrx_word' id='word_1_32' title='bbox 2974 1258 2985 1263; x_wconf 88' lang='lat'>·</span> 
     </span>
    </p>
   </div>
   <div class='ocr_carea' id='block_1_5' title="bbox 497 1304 728 1356">
    <p class='ocr_par' dir='ltr' id='par_1_5' title="bbox 497 1304 728 1356">
     <span class='ocr_line' id='line_1_6' title="bbox 497 1304 728 1356; baseline 0.009 -2"><span class='ocrx_word' id='word_1_33' title='bbox 497 1304 619 1354; x_wconf 80' lang='lat' dir='ltr'><strong>with</strong></span> <span class='ocrx_word' id='word_1_34' title='bbox 641 1306 728 1356; x_wconf 81' lang='lat' dir='ltr'><strong>the</strong></span> 
     </span>
    </p>
   </div>
   <div class='ocr_carea' id='block_1_6' title="bbox 497 1339 3217 1435">
    <p class='ocr_par' dir='ltr' id='par_1_6' title="bbox 497 1339 3217 1435">
     <span class='ocr_line' id='line_1_7' title="bbox 497 1339 3217 1435; baseline -0.006 -24"><span class='ocrx_word' id='word_1_35' title='bbox 497 1370 741 1435; x_wconf 61' lang='lat' dir='ltr'><strong>penalties</strong></span> <span class='ocrx_word' id='word_1_36' title='bbox 832 1340 1233 1407; x_wconf 82' lang='lat' dir='ltr'><strong>exsolveret:</strong></span> <span class='ocrx_word' id='word_1_37' title='bbox 1296 1345 1365 1406; x_wconf 90' lang='lat' dir='ltr'><strong>et</strong></span> <span class='ocrx_word' id='word_1_38' title='bbox 1429 1340 1546 1426; x_wconf 89' lang='lat' dir='ltr'><strong>qui</strong></span> <span class='ocrx_word' id='word_1_39' title='bbox 1614 1339 1789 1405; x_wconf 83' lang='lat' dir='ltr'><strong>infra</strong></span> <span class='ocrx_word' id='word_1_40' title='bbox 1856 1340 2307 1406; x_wconf 78' lang='lat' dir='ltr'><strong>coemeterium</strong></span> <span class='ocrx_word' id='word_1_41' title='bbox 2368 1340 2655 1408; x_wconf 68' lang='lat' dir='ltr'><strong>eeclesiae</strong></span> <span class='ocrx_word' id='word_1_42' title='bbox 2721 1340 2929 1427; x_wconf 80' lang='lat' dir='ltr'><strong>ipsius</strong></span> <span class='ocrx_word' id='word_1_43' title='bbox 2956 1342 3034 1395; x_wconf 70' lang='grc' dir='ltr'><strong>Οἱ.</strong></span> <span class='ocrx_word' id='word_1_44' title='bbox 3057 1343 3217 1397; x_wconf 66' lang='lat' dir='ltr'><strong>Sano-</strong></span> 
     </span>
    </p>
   </div>
   <div class='ocr_carea' id='block_1_7' title="bbox 2952 1412 3251 1464">
    <p class='ocr_par' dir='ltr' id='par_1_7' title="bbox 2952 1412 3251 1464">
     <span class='ocr_line' id='line_1_8' title="bbox 2952 1412 3251 1464; baseline 0.017 -5"><span class='ocrx_word' id='word_1_45' title='bbox 2952 1418 3080 1461; x_wconf 74' lang='lat' dir='ltr'><strong>tuar.</strong></span> <span class='ocrx_word' id='word_1_46' title='bbox 3145 1412 3251 1464; x_wconf 87' lang='lat' dir='ltr'><strong>Be·</strong></span> 
     </span>
    </p>
   </div>
   <div class='ocr_carea' id='block_1_8' title="bbox 495 1437 3138 1530">
    <p class='ocr_par' dir='ltr' id='par_1_8' title="bbox 495 1437 3138 1530">
     <span class='ocr_line' id='line_1_9' title="bbox 495 1437 3138 1530; baseline 0.011 -45"><span class='ocrx_word' id='word_1_47' title='bbox 495 1437 575 1488; x_wconf 72' lang='lat' dir='ltr'><strong>for</strong></span> <span class='ocrx_word' id='word_1_48' title='bbox 594 1444 755 1489; x_wconf 73' lang='lat' dir='ltr'><strong>ms-</strong></span> <span class='ocrx_word' id='word_1_49' title='bbox 831 1442 1175 1528; x_wconf 66' lang='lat' dir='ltr'><strong>infregerit</strong></span> <span class='ocrx_word' id='word_1_50' title='bbox 1240 1463 1485 1528; x_wconf 72' lang='lat' dir='ltr'><strong>paoem,</strong></span> <span class='ocrx_word' id='word_1_51' title='bbox 1521 1442 1981 1528; x_wconf 54' lang='lat' dir='ltr'><strong>septuaginta</strong></span> <span class='ocrx_word' id='word_1_52' title='bbox 2047 1442 2211 1509; x_wconf 75' lang='lat' dir='ltr'><strong>duas</strong></span> <span class='ocrx_word' id='word_1_53' title='bbox 2277 1442 2480 1509; x_wconf 76' lang='lat' dir='ltr'><strong>libras</strong></span> <span class='ocrx_word' id='word_1_54' title='bbox 2555 1464 2674 1530; x_wconf 89' lang='lat' dir='ltr'><strong>pro</strong></span> <span class='ocrx_word' id='word_1_55' title='bbox 2738 1443 2929 1510; x_wconf 71' lang='lat' dir='ltr'><strong>satis-</strong></span> <span class='ocrx_word' id='word_1_56' title='bbox 2952 1478 3138 1530; x_wconf 50' lang='lat' dir='ltr'><strong>valae,</strong></span> 
     </span>
    </p>
   </div>
   <div class='ocr_carea' id='block_1_9' title="bbox 494 1519 740 1570">
    <p class='ocr_par' dir='ltr' id='par_1_9' title="bbox 494 1519 740 1570">
     <span class='ocr_line' id='line_1_10' title="bbox 494 1519 740 1570; baseline 0.008 -15"><span class='ocrx_word' id='word_1_57' title='bbox 494 1519 740 1570; x_wconf 81' lang='lat' dir='ltr'><strong>gressors.</strong></span> 
     </span>
    </p>
   </div>
   <div class='ocr_carea' id='block_1_10' title="bbox 831 1543 2930 1834">
    <p class='ocr_par' dir='ltr' id='par_1_10' title="bbox 831 1543 2930 1834">
     <span class='ocr_line' id='line_1_11' title="bbox 831 1543 2930 1631; baseline -0 -20"><span class='ocrx_word' id='word_1_58' title='bbox 831 1545 1115 1611; x_wconf 87' lang='lat' dir='ltr'><strong>factione</strong></span> <span class='ocrx_word' id='word_1_59' title='bbox 1159 1543 1315 1609; x_wconf 85' lang='lat' dir='ltr'><strong>dare</strong></span> <span class='ocrx_word' id='word_1_60' title='bbox 1376 1543 1893 1630; x_wconf 84' lang='lat' dir='ltr'><strong>compelleretur.</strong></span> <span class='ocrx_word' id='word_1_61' title='bbox 1988 1544 2120 1625; x_wconf 83' lang='lat' dir='ltr'><strong>Qui</strong></span> <span class='ocrx_word' id='word_1_62' title='bbox 2182 1548 2407 1610; x_wconf 88' lang='lat' dir='ltr'><strong>autem</strong></span> <span class='ocrx_word' id='word_1_63' title='bbox 2470 1544 2650 1610; x_wconf 83' lang='lat' dir='ltr'><strong>infra</strong></span> <span class='ocrx_word' id='word_1_64' title='bbox 2696 1566 2930 1631; x_wconf 88' lang='lat' dir='ltr'><strong>corpus</strong></span> 
     </span>
     <span class='ocr_line' id='line_1_12' title="bbox 831 1644 2929 1733; baseline -0 -20"><span class='ocrx_word' id='word_1_65' title='bbox 831 1647 1115 1713; x_wconf 77' lang='lat' dir='ltr'><strong>eoelesiae</strong></span> <span class='ocrx_word' id='word_1_66' title='bbox 1159 1644 1535 1732; x_wconf 86' lang='lat' dir='ltr'><strong>posterioris</strong></span> <span class='ocrx_word' id='word_1_67' title='bbox 1579 1646 1928 1712; x_wconf 87' lang='lat' dir='ltr'><strong>temerario</strong></span> <span class='ocrx_word' id='word_1_68' title='bbox 1988 1667 2154 1711; x_wconf 88' lang='lat' dir='ltr'><strong>ausu</strong></span> <span class='ocrx_word' id='word_1_69' title='bbox 2198 1668 2422 1733; x_wconf 82' lang='lat' dir='ltr'><strong>pacem</strong></span> <span class='ocrx_word' id='word_1_70' title='bbox 2466 1647 2718 1712; x_wconf 82' lang='lat' dir='ltr'><strong>violare</strong></span> <span class='ocrx_word' id='word_1_71' title='bbox 2760 1668 2929 1733; x_wconf 85' lang='lat' dir='ltr'><strong>prae-</strong></span> 
     </span>
     <span class='ocr_line' id='line_1_13' title="bbox 831 1747 2926 1834; baseline -0 -21"><span class='ocrx_word' id='word_1_72' title='bbox 831 1748 1198 1834; x_wconf 86' lang='lat' dir='ltr'><strong>sumpserit,</strong></span> <span class='ocrx_word' id='word_1_73' title='bbox 1297 1747 1662 1833; x_wconf 71' lang='lat' dir='ltr'><strong>triplicatae</strong></span> <span class='ocrx_word' id='word_1_74' title='bbox 1745 1747 1948 1813; x_wconf 90' lang='lat' dir='ltr'><strong>libras</strong></span> <span class='ocrx_word' id='word_1_75' title='bbox 2036 1749 2293 1833; x_wconf 86' lang='lat' dir='ltr'><strong>argenti</strong></span> <span class='ocrx_word' id='word_1_76' title='bbox 2383 1748 2730 1834; x_wconf 73' lang='lat' dir='ltr'><strong>praedictas</strong></span> <span class='ocrx_word' id='word_1_77' title='bbox 2806 1770 2926 1833; x_wconf 89' lang='lat' dir='ltr'><strong>pro</strong></span> 
     </span>
    </p>
   </div>
   <div class='ocr_carea' id='block_1_11' title="bbox 757 1849 2926 1936">
    <p class='ocr_par' dir='ltr' id='par_1_11' title="bbox 757 1849 2926 1936">
     <span class='ocr_line' id='line_1_14' title="bbox 757 1849 2926 1936; baseline -0.001 -20"><span class='ocrx_word' id='word_1_78' title='bbox 757 1888 762 1901; x_wconf 88' lang='lat'><em>·</em></span> <span class='ocrx_word' id='word_1_79' title='bbox 830 1850 1286 1917; x_wconf 72' lang='lat' dir='ltr'><strong>emendatione</strong></span> <span class='ocrx_word' id='word_1_80' title='bbox 1346 1849 1714 1936; x_wconf 89' lang='lat' dir='ltr'><strong>persolvere</strong></span> <span class='ocrx_word' id='word_1_81' title='bbox 1750 1850 2199 1935; x_wconf 80' lang='lat' dir='ltr'><strong>judicaretur:</strong></span> <span class='ocrx_word' id='word_1_82' title='bbox 2245 1855 2316 1916; x_wconf 91' lang='lat' dir='ltr'><strong>et</strong></span> <span class='ocrx_word' id='word_1_83' title='bbox 2358 1850 2475 1936; x_wconf 89' lang='lat' dir='ltr'><strong>qui</strong></span> <span class='ocrx_word' id='word_1_84' title='bbox 2518 1849 2693 1916; x_wconf 75' lang='lat' dir='ltr'><strong>infra</strong></span> <span class='ocrx_word' id='word_1_85' title='bbox 2734 1870 2926 1916; x_wconf 87' lang='lat' dir='ltr'><strong>arcus</strong></span> 
     </span>
    </p>
   </div>
   <div class='ocr_carea' id='block_1_12' title="bbox 492 2779 789 3366">
    <p class='ocr_par' dir='ltr' id='par_1_12' title="bbox 492 2779 789 3366">
     <span class='ocr_line' id='line_1_15' title="bbox 494 2779 754 2859; baseline -0.012 -27"><span class='ocrx_word' id='word_1_86' title='bbox 494 2779 604 2859; x_wconf 71' lang='lat' dir='ltr'><strong>The</strong></span> <span class='ocrx_word' id='word_1_87' title='bbox 627 2779 754 2846; x_wconf 83' lang='lat' dir='ltr'><strong>king</strong></span> 
     </span>
     <span class='ocr_line' id='line_1_16' title="bbox 492 2854 770 2965; baseline -0.004 0"><span class='ocrx_word' id='word_1_88' title='bbox 492 2854 770 2965; x_wconf 52' lang='lat' dir='ltr'><strong>32¹5?AE</strong></span> 
     </span>
     <span class='ocr_line' id='line_1_17' title="bbox 493 2981 754 3032; baseline 0 0"><span class='ocrx_word' id='word_1_89' title='bbox 493 2987 546 3032; x_wconf 78' lang='lat' dir='ltr'><strong>at</strong></span> <span class='ocrx_word' id='word_1_90' title='bbox 566 2981 754 3032; x_wconf 84' lang='lat' dir='ltr'><strong>Bever-</strong></span> 
     </span>
     <span class='ocr_line' id='line_1_18' title="bbox 493 3049 631 3112; baseline 0 -15"><span class='ocrx_word' id='word_1_91' title='bbox 493 3049 577 3112; x_wconf 78' lang='lat' dir='ltr'><strong>ley</strong></span> <span class='ocrx_word' id='word_1_92' title='bbox 599 3062 631 3097; x_wconf 80' lang='lat' dir='ltr'><strong>a</strong></span> 
     </span>
     <span class='ocr_line' id='line_1_19' title="bbox 493 3115 769 3180; baseline -0.018 -13"><span class='ocrx_word' id='word_1_93' title='bbox 493 3115 680 3180; x_wconf 78' lang='lat' dir='ltr'><strong>charge</strong></span> <span class='ocrx_word' id='word_1_94' title='bbox 702 3129 769 3164; x_wconf 91' lang='lat' dir='ltr'><strong>on</strong></span> 
     </span>
     <span class='ocr_line' id='line_1_20' title="bbox 493 3181 789 3232; baseline -0.007 0"><span class='ocrx_word' id='word_1_95' title='bbox 493 3181 618 3232; x_wconf 85' lang='lat' dir='ltr'><strong>each</strong></span> <span class='ocrx_word' id='word_1_96' title='bbox 643 3196 789 3231; x_wconf 83' lang='lat' dir='ltr'><strong>caru-</strong></span> 
     </span>
     <span class='ocr_line' id='line_1_21' title="bbox 494 3246 688 3298; baseline -0.015 0"><span class='ocrx_word' id='word_1_97' title='bbox 494 3255 606 3298; x_wconf 82' lang='lat' dir='ltr'><strong>cate</strong></span> <span class='ocrx_word' id='word_1_98' title='bbox 628 3246 688 3297; x_wconf 90' lang='lat' dir='ltr'><strong>of</strong></span> 
     </span>
     <span class='ocr_line' id='line_1_22' title="bbox 493 3314 631 3366; baseline -0.022 0"><span class='ocrx_word' id='word_1_99' title='bbox 493 3314 631 3366; x_wconf 84' lang='lat' dir='ltr'><strong>land.</strong></span> 
     </span>
    </p>
   </div>
   <div class='ocr_carea' id='block_1_13' title="bbox 828 1951 2931 4697">
    <p class='ocr_par' dir='ltr' id='par_1_13' title="bbox 828 1951 2931 2753">
     <span class='ocr_line' id='line_1_23' title="bbox 830 1951 2927 2039; baseline 0 -21"><span class='ocrx_word' id='word_1_100' title='bbox 830 1974 1029 2039; x_wconf 88' lang='lat' dir='ltr'><strong>supra</strong></span> <span class='ocrx_word' id='word_1_101' title='bbox 1072 1952 1422 2017; x_wconf 89' lang='lat' dir='ltr'><strong>introitum</strong></span> <span class='ocrx_word' id='word_1_102' title='bbox 1469 1951 1741 2018; x_wconf 77' lang='lat' dir='ltr'><strong>cancelli</strong></span> <span class='ocrx_word' id='word_1_103' title='bbox 1785 1952 2033 2038; x_wconf 89' lang='lat' dir='ltr'><strong>positos</strong></span> <span class='ocrx_word' id='word_1_104' title='bbox 2106 1952 2397 2038; x_wconf 86' lang='lat' dir='ltr'><strong>maligno</strong></span> <span class='ocrx_word' id='word_1_105' title='bbox 2440 1973 2607 2018; x_wconf 90' lang='lat' dir='ltr'><strong>ausu</strong></span> <span class='ocrx_word' id='word_1_106' title='bbox 2653 1953 2927 2018; x_wconf 84' lang='lat' dir='ltr'><strong>sanetis-</strong></span> 
     </span>
     <span class='ocr_line' id='line_1_24' title="bbox 828 2053 2928 2140; baseline 0 -20"><span class='ocrx_word' id='word_1_107' title='bbox 828 2055 980 2120; x_wconf 92' lang='lat' dir='ltr'><strong>simi</strong></span> <span class='ocrx_word' id='word_1_108' title='bbox 1025 2054 1406 2120; x_wconf 87' lang='lat' dir='ltr'><strong>confessoris</strong></span> <span class='ocrx_word' id='word_1_109' title='bbox 1466 2075 1693 2140; x_wconf 86' lang='lat' dir='ltr'><strong>pacem</strong></span> <span class='ocrx_word' id='word_1_110' title='bbox 1737 2053 2105 2131; x_wconf 87' lang='lat' dir='ltr'><strong>violaverit,</strong></span> <span class='ocrx_word' id='word_1_111' title='bbox 2160 2054 2408 2140; x_wconf 81' lang='lat' dir='ltr'><strong>absque</strong></span> <span class='ocrx_word' id='word_1_112' title='bbox 2469 2055 2928 2122; x_wconf 85' lang='lat' dir='ltr'><strong>&#39;emendatione</strong></span> 
     </span>
     <span class='ocr_line' id='line_1_25' title="bbox 829 2156 2931 2243; baseline -0 -20"><span class='ocrx_word' id='word_1_113' title='bbox 829 2163 1108 2223; x_wconf 84' lang='lat' dir='ltr'><strong>terrenae</strong></span> <span class='ocrx_word' id='word_1_114' title='bbox 1169 2157 1592 2243; x_wconf 78' lang='lat' dir='ltr'><strong>possessionis</strong></span> <span class='ocrx_word' id='word_1_115' title='bbox 1644 2156 1752 2222; x_wconf 90' lang='lat' dir='ltr'><strong>vel</strong></span> <span class='ocrx_word' id='word_1_116' title='bbox 1812 2158 2110 2242; x_wconf 69' lang='lat' dir='ltr'><strong>pecuniae</strong></span> <span class='ocrx_word' id='word_1_117' title='bbox 2178 2162 2352 2222; x_wconf 88' lang='lat' dir='ltr'><strong>esset</strong></span> <span class='ocrx_word' id='word_1_118' title='bbox 2409 2156 2752 2242; x_wconf 87' lang='lat' dir='ltr'><strong>judicatus</strong></span> <span class='ocrx_word' id='word_1_119' title='bbox 2824 2158 2931 2242; x_wconf 91' lang='lat' dir='ltr'><strong>(ut</strong></span> 
     </span>
     <span class='ocr_line' id='line_1_26' title="bbox 832 2257 2928 2345; baseline 0.001 -22"><span class='ocrx_word' id='word_1_120' title='bbox 832 2261 951 2345; x_wconf 88' lang='lat' dir='ltr'><strong>qui</strong></span> <span class='ocrx_word' id='word_1_121' title='bbox 996 2259 1130 2325; x_wconf 85' lang='lat' dir='ltr'><strong>tale</strong></span> <span class='ocrx_word' id='word_1_122' title='bbox 1174 2258 1374 2336; x_wconf 82' lang='lat' dir='ltr'><strong>nefas,</strong></span> <span class='ocrx_word' id='word_1_123' title='bbox 1422 2263 1694 2343; x_wconf 88' lang='lat' dir='ltr'><strong>tamque</strong></span> <span class='ocrx_word' id='word_1_124' title='bbox 1722 2257 2073 2343; x_wconf 86' lang='lat' dir='ltr'><strong>profanum</strong></span> <span class='ocrx_word' id='word_1_125' title='bbox 2103 2258 2177 2322; x_wconf 87' lang='lat' dir='ltr'><strong>in</strong></span> <span class='ocrx_word' id='word_1_126' title='bbox 2222 2260 2578 2344; x_wconf 68' lang='lat' dir='ltr'><strong>praesentia</strong></span> <span class='ocrx_word' id='word_1_127' title='bbox 2621 2259 2928 2344; x_wconf 87' lang='lat' dir='ltr'><strong>reliquia-</strong></span> 
     </span>
     <span class='ocr_line' id='line_1_27' title="bbox 830 2359 2928 2448; baseline 0 -22"><span class='ocrx_word' id='word_1_128' title='bbox 830 2383 979 2426; x_wconf 90' lang='lat' dir='ltr'><strong>rum</strong></span> <span class='ocrx_word' id='word_1_129' title='bbox 1024 2366 1165 2427; x_wconf 87' lang='lat' dir='ltr'><strong>tam</strong></span> <span class='ocrx_word' id='word_1_130' title='bbox 1210 2361 1574 2426; x_wconf 89' lang='lat' dir='ltr'><strong>venerandi</strong></span> <span class='ocrx_word' id='word_1_131' title='bbox 1621 2359 2025 2425; x_wconf 85' lang='lat' dir='ltr'><strong>Confessoris</strong></span> <span class='ocrx_word' id='word_1_132' title='bbox 2068 2381 2273 2426; x_wconf 88' lang='lat' dir='ltr'><strong>ausus</strong></span> <span class='ocrx_word' id='word_1_133' title='bbox 2339 2361 2432 2426; x_wconf 88' lang='lat' dir='ltr'><strong>sit</strong></span> <span class='ocrx_word' id='word_1_134' title='bbox 2474 2362 2928 2448; x_wconf 87' lang='lat' dir='ltr'><strong>committere),</strong></span> 
     </span>
     <span class='ocr_line' id='line_1_28' title="bbox 830 2460 2927 2547; baseline -0 -20"><span class='ocrx_word' id='word_1_135' title='bbox 830 2463 1159 2547; x_wconf 85' lang='lat' dir='ltr'><strong>soliusque</strong></span> <span class='ocrx_word' id='word_1_136' title='bbox 1206 2461 1335 2526; x_wconf 93' lang='lat' dir='ltr'><strong>Dei</strong></span> <span class='ocrx_word' id='word_1_137' title='bbox 1379 2461 1786 2527; x_wconf 70' lang='lat' dir='ltr'><strong>miserationi</strong></span> <span class='ocrx_word' id='word_1_138' title='bbox 1848 2464 2050 2546; x_wconf 88' lang='lat' dir='ltr'><strong>atque</strong></span> <span class='ocrx_word' id='word_1_139' title='bbox 2104 2460 2358 2546; x_wconf 86' lang='lat' dir='ltr'><strong>judicio</strong></span> <span class='ocrx_word' id='word_1_140' title='bbox 2403 2462 2927 2539; x_wconf 88' lang='lat' dir='ltr'><strong>committendus,</strong></span> 
     </span>
     <span class='ocr_line' id='line_1_29' title="bbox 832 2560 2927 2651; baseline 0.001 -21"><span class='ocrx_word' id='word_1_141' title='bbox 832 2565 922 2630; x_wconf 90' lang='lat' dir='ltr'><strong>sit</strong></span> <span class='ocrx_word' id='word_1_142' title='bbox 956 2560 1376 2649; x_wconf 86' lang='lat' dir='ltr'><strong>judicandus,</strong></span> <span class='ocrx_word' id='word_1_143' title='bbox 1445 2564 1618 2630; x_wconf 89' lang='lat' dir='ltr'><strong>sicut</strong></span> <span class='ocrx_word' id='word_1_144' title='bbox 1663 2564 1946 2630; x_wconf 85' lang='lat' dir='ltr'><strong>enormis</strong></span> <span class='ocrx_word' id='word_1_145' title='bbox 2011 2564 2291 2651; x_wconf 73' lang='lat' dir='ltr'><strong>languor</strong></span> <span class='ocrx_word' id='word_1_146' title='bbox 2357 2565 2682 2631; x_wconf 88' lang='lat' dir='ltr'><strong>immensa</strong></span> <span class='ocrx_word' id='word_1_147' title='bbox 2728 2570 2927 2632; x_wconf 80' lang='lat' dir='ltr'><strong>&#39;eura-</strong></span> 
     </span>
     <span class='ocr_line' id='line_1_30' title="bbox 828 2666 1328 2753; baseline -0.002 -20"><span class='ocrx_word' id='word_1_148' title='bbox 828 2667 1009 2749; x_wconf 74' lang='lat' dir='ltr'><strong>tione</strong></span> <span class='ocrx_word' id='word_1_149' title='bbox 1055 2666 1328 2753; x_wconf 85' lang='lat' dir='ltr'><strong>indiget.</strong></span> 
     </span>
    </p>

    <p class='ocr_par' dir='ltr' id='par_1_14' title="bbox 828 2766 2930 4697">
     <span class='ocr_line' id='line_1_31' title="bbox 918 2766 2924 2855; baseline 0.001 -22"><span class='ocrx_word' id='word_1_150' title='bbox 918 2767 1244 2833; x_wconf 61' lang='lat' dir='ltr'><strong>Praeterea</strong></span> <span class='ocrx_word' id='word_1_151' title='bbox 1286 2767 1656 2855; x_wconf 78' lang='lat' dir='ltr'><strong>assignavit</strong></span> <span class='ocrx_word' id='word_1_152' title='bbox 1713 2788 1835 2841; x_wconf 72' lang='lat' dir='ltr'><strong>rex</strong></span> <span class='ocrx_word' id='word_1_153' title='bbox 1878 2767 2176 2832; x_wconf 89' lang='lat' dir='ltr'><strong>redditus</strong></span> <span class='ocrx_word' id='word_1_154' title='bbox 2222 2766 2434 2833; x_wconf 89' lang='lat' dir='ltr'><strong>eidem</strong></span> <span class='ocrx_word' id='word_1_155' title='bbox 2489 2767 2789 2851; x_wconf 73' lang='lat' dir='ltr'><strong>eeclesiae,</strong></span> <span class='ocrx_word' id='word_1_156' title='bbox 2835 2769 2924 2835; x_wconf 88' lang='lat' dir='ltr'><strong>ad</strong></span> 
     </span>
     <span class='ocr_line' id='line_1_32' title="bbox 828 2862 2922 2954; baseline 0 -19"><span class='ocrx_word' id='word_1_157' title='bbox 828 2868 1247 2935; x_wconf 87' lang='lat' dir='ltr'><strong>serviendum</strong></span> <span class='ocrx_word' id='word_1_158' title='bbox 1293 2862 1674 2937; x_wconf 80' lang='lat' dir='ltr'><strong>clericorum</strong></span> <span class='ocrx_word' id='word_1_159' title='bbox 1737 2872 2347 2949; x_wconf 84' lang='lat' dir='ltr'><strong>sustentamentum,</strong></span> <span class='ocrx_word' id='word_1_160' title='bbox 2390 2890 2541 2954; x_wconf 70' lang='lat' dir='ltr'><strong>squo</strong></span> <span class='ocrx_word' id='word_1_161' title='bbox 2585 2868 2922 2936; x_wconf 85' lang='lat' dir='ltr'><strong>liberalius</strong></span> 
     </span>
     <span class='ocr_line' id='line_1_33' title="bbox 829 2972 2925 3059; baseline 0 -20"><span class='ocrx_word' id='word_1_162' title='bbox 829 2978 899 3039; x_wconf 92' lang='lat' dir='ltr'><strong>et</strong></span> <span class='ocrx_word' id='word_1_163' title='bbox 959 2973 1249 3059; x_wconf 87' lang='lat' dir='ltr'><strong>quietius</strong></span> <span class='ocrx_word' id='word_1_164' title='bbox 1311 2973 1455 3039; x_wconf 91' lang='lat' dir='ltr'><strong>Deo</strong></span> <span class='ocrx_word' id='word_1_165' title='bbox 1515 2978 1585 3038; x_wconf 93' lang='lat' dir='ltr'><strong>et</strong></span> <span class='ocrx_word' id='word_1_166' title='bbox 1648 2972 1892 3038; x_wconf 84' lang='lat' dir='ltr'><strong>Sancto</strong></span> <span class='ocrx_word' id='word_1_167' title='bbox 1968 2972 2016 3037; x_wconf 85' lang='lat' dir='ltr'><strong>J</strong></span> <span class='ocrx_word' id='word_1_168' title='bbox 2014 2972 2261 3038; x_wconf 81' lang='lat' dir='ltr'><strong>ohanni</strong></span> <span class='ocrx_word' id='word_1_169' title='bbox 2321 2973 2741 3039; x_wconf 83' lang='lat' dir='ltr'><strong>deservirent.</strong></span> <span class='ocrx_word' id='word_1_170' title='bbox 2835 2974 2925 3039; x_wconf 89' lang='lat' dir='ltr'><strong>Et</strong></span> 
     </span>
     <span class='ocr_line' id='line_1_34' title="bbox 828 3072 2923 3161; baseline 0 -21"><span class='ocrx_word' id='word_1_171' title='bbox 828 3075 1096 3161; x_wconf 88' lang='lat' dir='ltr'><strong>quidem</strong></span> <span class='ocrx_word' id='word_1_172' title='bbox 1141 3074 1354 3141; x_wconf 86' lang='lat' dir='ltr'><strong>coloni</strong></span> <span class='ocrx_word' id='word_1_173' title='bbox 1399 3074 1580 3138; x_wconf 90' lang='lat' dir='ltr'><strong>illius</strong></span> <span class='ocrx_word' id='word_1_174' title='bbox 1626 3073 1984 3160; x_wconf 75' lang='lat' dir='ltr'><strong>provinciae</strong></span> <span class='ocrx_word' id='word_1_175' title='bbox 2028 3072 2415 3153; x_wconf 57' lang='lat' dir='ltr'><strong>haam-aeda,</strong></span> <span class='ocrx_word' id='word_1_176' title='bbox 2447 3073 2537 3139; x_wconf 82' lang='lat' dir='ltr'><strong>&#39;id</strong></span> <span class='ocrx_word' id='word_1_177' title='bbox 2580 3079 2697 3152; x_wconf 86' lang='lat' dir='ltr'><strong>est,</strong></span> <span class='ocrx_word' id='word_1_178' title='bbox 2744 3075 2923 3160; x_wconf 87' lang='lat' dir='ltr'><strong>quod</strong></span> 
     </span>
     <span class='ocr_line' id='line_1_35' title="bbox 829 3171 2922 3264; baseline -0.001 -20"><span class='ocrx_word' id='word_1_179' title='bbox 829 3176 1219 3263; x_wconf 85' lang='lat' dir='ltr'><strong>exigebatur</strong></span> <span class='ocrx_word' id='word_1_180' title='bbox 1263 3176 1350 3243; x_wconf 88' lang='lat' dir='ltr'><strong>ad</strong></span> <span class='ocrx_word' id='word_1_181' title='bbox 1411 3175 1730 3262; x_wconf 89' lang='lat' dir='ltr'><strong>pabulum</strong></span> <span class='ocrx_word' id='word_1_182' title='bbox 1794 3196 2111 3261; x_wconf 87' lang='lat' dir='ltr'><strong>equorum</strong></span> <span class='ocrx_word' id='word_1_183' title='bbox 2156 3176 2346 3264; x_wconf 86' lang='lat' dir='ltr'><strong>regis,</strong></span> <span class='ocrx_word' id='word_1_184' title='bbox 2406 3171 2684 3263; x_wconf 88' lang='lat' dir='ltr'><strong>singulis</strong></span> <span class='ocrx_word' id='word_1_185' title='bbox 2728 3176 2922 3242; x_wconf 85' lang='lat' dir='ltr'><strong>annis</strong></span> 
     </span>
     <span class='ocr_line' id='line_1_36' title="bbox 830 3277 2926 3366; baseline -0.001 -19"><span class='ocrx_word' id='word_1_186' title='bbox 830 3281 1131 3347; x_wconf 87' lang='lat' dir='ltr'><strong>solebant</strong></span> <span class='ocrx_word' id='word_1_187' title='bbox 1159 3280 1351 3366; x_wconf 86' lang='lat' dir='ltr'><strong>regis·</strong></span> <span class='ocrx_word' id='word_1_188' title='bbox 1362 3277 1689 3366; x_wconf 68' lang='lat' dir='ltr'><strong>praefectis</strong></span> <span class='ocrx_word' id='word_1_189' title='bbox 1718 3277 1991 3343; x_wconf 87' lang='lat' dir='ltr'><strong>reddere</strong></span> <span class='ocrx_word' id='word_1_190' title='bbox 2015 3302 2031 3358; x_wconf 85' lang='lat'><em>3</em></span> <span class='ocrx_word' id='word_1_191' title='bbox 2075 3278 2388 3345; x_wconf 81' lang='lat' dir='ltr'><strong>videlieet</strong></span> <span class='ocrx_word' id='word_1_192' title='bbox 2417 3279 2499 3343; x_wconf 89' lang='lat' dir='ltr'><strong>de</strong></span> <span class='ocrx_word' id='word_1_193' title='bbox 2528 3300 2926 3366; x_wconf 86' lang='lat' dir='ltr'><strong>unaquaque</strong></span> 
     </span>
     <span class='ocr_line' id='line_1_37' title="bbox 829 3379 2925 3465; baseline -0.001 -16"><span class='ocrx_word' id='word_1_194' title='bbox 829 3403 1078 3459; x_wconf 85' lang='lat' dir='ltr'><strong>caruca,</strong></span> <span class='ocrx_word' id='word_1_195' title='bbox 1125 3381 1198 3445; x_wconf 91' lang='lat' dir='ltr'><strong>id</strong></span> <span class='ocrx_word' id='word_1_196' title='bbox 1241 3384 1357 3458; x_wconf 90' lang='lat' dir='ltr'><strong>est,</strong></span> <span class='ocrx_word' id='word_1_197' title='bbox 1405 3380 1493 3445; x_wconf 84' lang='lat' dir='ltr'><strong>ad</strong></span> <span class='ocrx_word' id='word_1_198' title='bbox 1538 3379 1828 3445; x_wconf 87' lang='lat' dir='ltr'><strong>cultrum</strong></span> <span class='ocrx_word' id='word_1_199' title='bbox 1874 3385 1945 3444; x_wconf 90' lang='lat' dir='ltr'><strong>et</strong></span> <span class='ocrx_word' id='word_1_200' title='bbox 1992 3400 2342 3457; x_wconf 82' lang='lat' dir='ltr'><strong>vomerem,</strong></span> <span class='ocrx_word' id='word_1_201' title='bbox 2375 3383 2661 3465; x_wconf 89' lang='lat' dir='ltr'><strong>quatuor</strong></span> <span class='ocrx_word' id='word_1_202' title='bbox 2701 3386 2925 3447; x_wconf 86' lang='lat' dir='ltr'><strong>travas</strong></span> 
     </span>
     <span class='ocr_line' id='line_1_38' title="bbox 833 3479 2929 3569; baseline -0.001 -20"><span class='ocrx_word' id='word_1_203' title='bbox 833 3485 916 3549; x_wconf 91' lang='lat' dir='ltr'><strong>de</strong></span> <span class='ocrx_word' id='word_1_204' title='bbox 963 3484 1100 3549; x_wconf 91' lang='lat' dir='ltr'><strong>suis</strong></span> <span class='ocrx_word' id='word_1_205' title='bbox 1145 3481 1448 3569; x_wconf 86' lang='lat' dir='ltr'><strong>frugibus</strong></span> <span class='ocrx_word' id='word_1_206' title='bbox 1474 3506 1490 3561; x_wconf 91' lang='lat'>;</span> <span class='ocrx_word' id='word_1_207' title='bbox 1549 3487 1620 3546; x_wconf 88' lang='lat' dir='ltr'><strong>et</strong></span> <span class='ocrx_word' id='word_1_208' title='bbox 1647 3479 1801 3545; x_wconf 89' lang='lat' dir='ltr'><strong>talis</strong></span> <span class='ocrx_word' id='word_1_209' title='bbox 1831 3479 2132 3545; x_wconf 81' lang='lat' dir='ltr'><strong>redditus</strong></span> <span class='ocrx_word' id='word_1_210' title='bbox 2159 3481 2337 3545; x_wconf 89' lang='lat' dir='ltr'><strong>inter</strong></span> <span class='ocrx_word' id='word_1_211' title='bbox 2364 3482 2720 3569; x_wconf 85' lang='lat' dir='ltr'><strong>vectigalia</strong></span> <span class='ocrx_word' id='word_1_212' title='bbox 2747 3483 2929 3569; x_wconf 86' lang='lat' dir='ltr'><strong>regia</strong></span> 
     </span>
     <span class='ocr_line' id='line_1_39' title="bbox 830 3581 2926 3673; baseline -0.001 -20"><span class='ocrx_word' id='word_1_213' title='bbox 830 3586 1351 3673; x_wconf 88' lang='lat' dir='ltr'><strong>computabatur,</strong></span> <span class='ocrx_word' id='word_1_214' title='bbox 1398 3589 1468 3650; x_wconf 91' lang='lat' dir='ltr'><strong>et</strong></span> <span class='ocrx_word' id='word_1_215' title='bbox 1510 3584 1903 3672; x_wconf 82' lang='lat' dir='ltr'><strong>exigebatur</strong></span> <span class='ocrx_word' id='word_1_216' title='bbox 1960 3605 2004 3650; x_wconf 86' lang='lat' dir='ltr'><strong>a</strong></span> <span class='ocrx_word' id='word_1_217' title='bbox 2060 3585 2327 3670; x_wconf 87' lang='lat' dir='ltr'><strong>regione</strong></span> <span class='ocrx_word' id='word_1_218' title='bbox 2378 3581 2511 3662; x_wconf 85' lang='lat' dir='ltr'><strong>illa,</strong></span> <span class='ocrx_word' id='word_1_219' title='bbox 2558 3608 2707 3672; x_wconf 75' lang='lat' dir='ltr'><strong>quse</strong></span> <span class='ocrx_word' id='word_1_220' title='bbox 2752 3587 2926 3652; x_wconf 89' lang='lat' dir='ltr'><strong>clau-</strong></span> 
     </span>
     <span class='ocr_line' id='line_1_40' title="bbox 832 3684 2925 3766; baseline -0.001 -13"><span class='ocrx_word' id='word_1_221' title='bbox 832 3689 1015 3754; x_wconf 91' lang='lat' dir='ltr'><strong>ditur</strong></span> <span class='ocrx_word' id='word_1_222' title='bbox 1044 3710 1128 3754; x_wconf 84' lang='lat' dir='ltr'><strong>ex</strong></span> <span class='ocrx_word' id='word_1_223' title='bbox 1161 3708 1293 3753; x_wconf 90' lang='lat' dir='ltr'><strong>uno</strong></span> <span class='ocrx_word' id='word_1_224' title='bbox 1321 3687 1526 3752; x_wconf 87' lang='lat' dir='ltr'><strong>latere</strong></span> <span class='ocrx_word' id='word_1_225' title='bbox 1550 3686 1824 3751; x_wconf 88' lang='lat' dir='ltr'><strong>flumine</strong></span> <span class='ocrx_word' id='word_1_226' title='bbox 1858 3684 2252 3752; x_wconf 81' lang='lat' dir='ltr'><strong>Derewente</strong></span> <span class='ocrx_word' id='word_1_227' title='bbox 2277 3710 2293 3766; x_wconf 85' lang='lat'>3</span> <span class='ocrx_word' id='word_1_228' title='bbox 2341 3691 2411 3751; x_wconf 93' lang='lat' dir='ltr'><strong>et</strong></span> <span class='ocrx_word' id='word_1_229' title='bbox 2456 3687 2680 3765; x_wconf 87' lang='lat' dir='ltr'><strong>altero,</strong></span> <span class='ocrx_word' id='word_1_230' title='bbox 2713 3687 2925 3752; x_wconf 90' lang='lat' dir='ltr'><strong>Hum-</strong></span> 
     </span>
     <span class='ocr_line' id='line_1_41' title="bbox 829 3788 2924 3875; baseline -0.001 -19"><span class='ocrx_word' id='word_1_231' title='bbox 829 3791 946 3856; x_wconf 90' lang='lat' dir='ltr'><strong>bre</strong></span> <span class='ocrx_word' id='word_1_232' title='bbox 991 3792 1306 3870; x_wconf 87' lang='lat' dir='ltr'><strong>flumine3</strong></span> <span class='ocrx_word' id='word_1_233' title='bbox 1374 3812 1459 3855; x_wconf 84' lang='lat' dir='ltr'><strong>ex</strong></span> <span class='ocrx_word' id='word_1_234' title='bbox 1523 3789 1723 3855; x_wconf 90' lang='lat' dir='ltr'><strong>tertio</strong></span> <span class='ocrx_word' id='word_1_235' title='bbox 1767 3788 1992 3867; x_wconf 88' lang='lat' dir='ltr'><strong>latere,</strong></span> <span class='ocrx_word' id='word_1_236' title='bbox 2041 3789 2209 3854; x_wconf 88' lang='lat' dir='ltr'><strong>mari</strong></span> <span class='ocrx_word' id='word_1_237' title='bbox 2268 3790 2768 3875; x_wconf 82' lang='lat' dir='ltr'><strong>septentrionali</strong></span> <span class='ocrx_word' id='word_1_238' title='bbox 2816 3790 2924 3855; x_wconf 90' lang='lat' dir='ltr'><strong>vel</strong></span> 
     </span>
     <span class='ocr_line' id='line_1_42' title="bbox 829 3885 2930 3980; baseline -0.001 -19"><span class='ocrx_word' id='word_1_239' title='bbox 829 3894 1151 3961; x_wconf 80' lang='lat' dir='ltr'><strong>orientali.</strong></span> <span class='ocrx_word' id='word_1_240' title='bbox 1177 3885 1226 3974; x_wconf 22' lang='lat' dir='ltr'><strong>&#39;l</strong></span> <span class='ocrx_word' id='word_1_241' title='bbox 1263 3891 1430 3959; x_wconf 72' lang='lat' dir='ltr'><strong>Haec</strong></span> <span class='ocrx_word' id='word_1_242' title='bbox 1505 3891 1770 3977; x_wconf 90' lang='lat' dir='ltr'><strong>quidem</strong></span> <span class='ocrx_word' id='word_1_243' title='bbox 1854 3890 2197 3976; x_wconf 89' lang='lat' dir='ltr'><strong>provincia</strong></span> <span class='ocrx_word' id='word_1_244' title='bbox 2279 3893 2652 3980; x_wconf 88' lang='lat' dir='ltr'><strong>antiquitus</strong></span> <span class='ocrx_word' id='word_1_245' title='bbox 2726 3893 2930 3959; x_wconf 88' lang='lat' dir='ltr'><strong>Deira</strong></span> 
     </span>
     <span class='ocr_line' id='line_1_43' title="bbox 829 3991 2928 4078; baseline 0 -17"><span class='ocrx_word' id='word_1_246' title='bbox 829 3996 1208 4063; x_wconf 88' lang='lat' dir='ltr'><strong>vocabatur.</strong></span> <span class='ocrx_word' id='word_1_247' title='bbox 1320 3992 1565 4059; x_wconf 88' lang='lat' dir='ltr'><strong>Totum</strong></span> <span class='ocrx_word' id='word_1_248' title='bbox 1622 3992 1766 4078; x_wconf 88' lang='lat' dir='ltr'><strong>jam</strong></span> <span class='ocrx_word' id='word_1_249' title='bbox 1813 3991 2216 4078; x_wconf 90' lang='lat' dir='ltr'><strong>descriptum</strong></span> <span class='ocrx_word' id='word_1_250' title='bbox 2286 3992 2623 4058; x_wconf 87' lang='lat' dir='ltr'><strong>redditum</strong></span> <span class='ocrx_word' id='word_1_251' title='bbox 2683 3992 2928 4061; x_wconf 86' lang='lat' dir='ltr'><strong>Sancto</strong></span> 
     </span>
     <span class='ocr_line' id='line_1_44' title="bbox 828 4093 2927 4183; baseline -0.001 -18"><span class='ocrx_word' id='word_1_252' title='bbox 828 4100 876 4165; x_wconf 85' lang='lat' dir='ltr'><strong>J</strong></span> <span class='ocrx_word' id='word_1_253' title='bbox 877 4100 1123 4165; x_wconf 85' lang='lat' dir='ltr'><strong>ohanni</strong></span> <span class='ocrx_word' id='word_1_254' title='bbox 1189 4096 1604 4182; x_wconf 71' lang='lat' dir='ltr'><strong>ecclesiaeque</strong></span> <span class='ocrx_word' id='word_1_255' title='bbox 1667 4095 1850 4160; x_wconf 90' lang='lat' dir='ltr'><strong>illius</strong></span> <span class='ocrx_word' id='word_1_256' title='bbox 1909 4093 2350 4161; x_wconf 87' lang='lat' dir='ltr'><strong>servientibus</strong></span> <span class='ocrx_word' id='word_1_257' title='bbox 2412 4096 2484 4160; x_wconf 91' lang='lat' dir='ltr'><strong>in</strong></span> <span class='ocrx_word' id='word_1_258' title='bbox 2544 4103 2927 4183; x_wconf 88' lang='lat' dir='ltr'><strong>perpetuam</strong></span> 
     </span>
     <span class='ocr_line' id='line_1_45' title="bbox 829 4197 2927 4286; baseline -0 -20"><span class='ocrx_word' id='word_1_259' title='bbox 829 4201 1323 4286; x_wconf 84' lang='lat' dir='ltr'><strong>eleemosynam,</strong></span> <span class='ocrx_word' id='word_1_260' title='bbox 1355 4197 1631 4262; x_wconf 89' lang='lat' dir='ltr'><strong>liberam</strong></span> <span class='ocrx_word' id='word_1_261' title='bbox 1659 4201 1862 4283; x_wconf 89' lang='lat' dir='ltr'><strong>atque</strong></span> <span class='ocrx_word' id='word_1_262' title='bbox 1906 4197 1993 4262; x_wconf 87' lang='lat' dir='ltr'><strong>ab</strong></span> <span class='ocrx_word' id='word_1_263' title='bbox 2020 4197 2202 4278; x_wconf 83' lang='lat' dir='ltr'><strong>omni</strong></span> <span class='ocrx_word' id='word_1_264' title='bbox 2246 4198 2586 4263; x_wconf 83' lang='lat' dir='ltr'><strong>exactione</strong></span> <span class='ocrx_word' id='word_1_265' title='bbox 2618 4200 2927 4284; x_wconf 78' lang='lat' dir='ltr'><strong>quietam,</strong></span> 
     </span>
     <span class='ocr_line' id='line_1_46' title="bbox 829 4300 2925 4389; baseline -0.002 -17"><span class='ocrx_word' id='word_1_266' title='bbox 829 4303 1113 4372; x_wconf 86' lang='lat' dir='ltr'><strong>contulit</strong></span> <span class='ocrx_word' id='word_1_267' title='bbox 1159 4308 1227 4368; x_wconf 91' lang='lat' dir='ltr'><strong>et</strong></span> <span class='ocrx_word' id='word_1_268' title='bbox 1256 4300 1458 4380; x_wconf 81' lang='lat' dir='ltr'><strong>dedit,</strong></span> <span class='ocrx_word' id='word_1_269' title='bbox 1487 4301 1798 4388; x_wconf 85' lang='lat' dir='ltr'><strong>regioque</strong></span> <span class='ocrx_word' id='word_1_270' title='bbox 1830 4301 2045 4366; x_wconf 86' lang='lat' dir='ltr'><strong>edicto</strong></span> <span class='ocrx_word' id='word_1_271' title='bbox 2074 4301 2523 4367; x_wconf 88' lang='lat' dir='ltr'><strong>corroboravit</strong></span> <span class='ocrx_word' id='word_1_272' title='bbox 2551 4323 2629 4368; x_wconf 86' lang='lat' dir='ltr'><strong>ac</strong></span> <span class='ocrx_word' id='word_1_273' title='bbox 2667 4304 2925 4389; x_wconf 89' lang='lat' dir='ltr'><strong>scripto.</strong></span> 
     </span>
     <span class='ocr_line' id='line_1_47' title="bbox 830 4404 2927 4493; baseline 0 -21"><span class='ocrx_word' id='word_1_274' title='bbox 830 4409 920 4473; x_wconf 90' lang='lat' dir='ltr'><strong>Et</strong></span> <span class='ocrx_word' id='word_1_275' title='bbox 957 4408 1099 4492; x_wconf 89' lang='lat' dir='ltr'><strong>jam</strong></span> <span class='ocrx_word' id='word_1_276' title='bbox 1145 4405 1449 4472; x_wconf 88' lang='lat' dir='ltr'><strong>omnibus</strong></span> <span class='ocrx_word' id='word_1_277' title='bbox 1495 4405 1621 4470; x_wconf 88' lang='lat' dir='ltr'><strong>rite</strong></span> <span class='ocrx_word' id='word_1_278' title='bbox 1650 4404 1950 4492; x_wconf 88' lang='lat' dir='ltr'><strong>peractis,</strong></span> <span class='ocrx_word' id='word_1_279' title='bbox 1998 4404 2198 4471; x_wconf 88' lang='lat' dir='ltr'><strong>rediit</strong></span> <span class='ocrx_word' id='word_1_280' title='bbox 2240 4427 2391 4472; x_wconf 91' lang='lat' dir='ltr'><strong>cum</strong></span> <span class='ocrx_word' id='word_1_281' title='bbox 2437 4404 2597 4470; x_wconf 61' lang='lat' dir='ltr'><strong>suis*</strong></span> <span class='ocrx_word' id='word_1_282' title='bbox 2626 4407 2713 4471; x_wconf 88' lang='lat' dir='ltr'><strong>ad</strong></span> <span class='ocrx_word' id='word_1_283' title='bbox 2756 4407 2927 4493; x_wconf 88' lang='lat' dir='ltr'><strong>regis</strong></span> 
     </span>
     <span class='ocr_line' id='line_1_48' title="bbox 829 4507 2920 4592; baseline -0 -16"><span class='ocrx_word' id='word_1_284' title='bbox 829 4509 1149 4586; x_wconf 81' lang='lat' dir='ltr'><strong>civitates,</strong></span> <span class='ocrx_word' id='word_1_285' title='bbox 1219 4510 1594 4574; x_wconf 86' lang='lat' dir='ltr'><strong>contestans</strong></span> <span class='ocrx_word' id='word_1_286' title='bbox 1670 4527 1843 4592; x_wconf 87' lang='lat' dir='ltr'><strong>saepe</strong></span> <span class='ocrx_word' id='word_1_287' title='bbox 1929 4511 2229 4573; x_wconf 87' lang='lat' dir='ltr'><strong>sanetum</strong></span> <span class='ocrx_word' id='word_1_288' title='bbox 2308 4507 2737 4575; x_wconf 86' lang='lat' dir='ltr'><strong>confessorem</strong></span> <span class='ocrx_word' id='word_1_289' title='bbox 2805 4507 2851 4573; x_wconf 84' lang='lat' dir='ltr'>J</span> <span class='ocrx_word' id='word_1_290' title='bbox 2851 4529 2920 4575; x_wconf 91' lang='lat' dir='ltr'><strong>o-</strong></span> 
     </span>
     <span class='ocr_line' id='line_1_49' title="bbox 828 4608 2521 4697; baseline -0.001 -22"><span class='ocrx_word' id='word_1_291' title='bbox 828 4611 1114 4677; x_wconf 88' lang='lat' dir='ltr'><strong>hannem</strong></span> <span class='ocrx_word' id='word_1_292' title='bbox 1159 4610 1564 4697; x_wconf 73' lang='lat' dir='ltr'><strong>praecipuum</strong></span> <span class='ocrx_word' id='word_1_293' title='bbox 1609 4615 1963 4696; x_wconf 89' lang='lat' dir='ltr'><strong>patronum</strong></span> <span class='ocrx_word' id='word_1_294' title='bbox 2007 4608 2273 4696; x_wconf 83' lang='lat' dir='ltr'><strong>Anglici</strong></span> <span class='ocrx_word' id='word_1_295' title='bbox 2318 4610 2521 4697; x_wconf 88' lang='lat' dir='ltr'><strong>regni.</strong></span> 
     </span>
    </p>
   </div>
   <div class='ocr_carea' id='block_1_14' title="bbox 2954 1548 3110 1607">
    <p class='ocr_par' dir='ltr' id='par_1_15' title="bbox 2954 1548 3110 1607">
     <span class='ocr_line' id='line_1_50' title="bbox 2954 1548 3110 1607; baseline 0.032 -15"><span class='ocrx_word' id='word_1_296' title='bbox 2954 1559 3003 1607; x_wconf 91' lang='lat' dir='ltr'><strong>p.</strong></span> <span class='ocrx_word' id='word_1_297' title='bbox 3026 1548 3110 1597; x_wconf 79' lang='lat'><strong>99.</strong></span> 
     </span>
    </p>
   </div>
  </div>
 </body>
</html>
