3600 5800
745 795 881 859 220
1360 807 1526 855 vm
1570 806 1897 855 war-*mm
1946 807 2247 856 Errscorl

745 993 965 1059 babat.
1064 992 1232 1073 Quae
1293 991 1633 1078 signorum
1695 991 1981 1059 efficacia
2025 1013 2101 1058 eo
2145 991 2356 1080 magis
2399 992 2619 1058 virum
2663 994 2861 1060 eomi-

747 1097 1031 1173 tabatur,
1078 1117 1209 1181 quo
1255 1095 1416 1161 vitae
1455 1095 1659 1181 hujus
1691 1096 2074 1162 transitoria
2117 1096 2478 1182 fragilitate
2524 1096 2859 1174 decedens,

745 1220 1020 1267 summae
1090 1199 1331 1263 virtuti
1400 1198 1804 1264 aeternaliter
1862 1199 2308 1286 copulabatur.
2399 1198 2600 1265 Unde
2651 1199 2862 1265 fateor

747 1302 958 1395 dicere
1005 1323 1225 1366 meum
1270 1321 1408 1366 non
1461 1321 1616 1378 esse,
1664 1307 1828 1386 quot
1873 1302 2121 1366 infirmi
2166 1323 2284 1388 per
2328 1324 2479 1368 eum
2524 1302 2861 1367 infirmum

745 1406 883 1470 sint
948 1404 1035 1470 ab
1097 1404 1279 1471 omni
1340 1404 1731 1469 infirmitate
1777 1405 2011 1483 sanati,
2060 1409 2225 1490 quot
2270 1405 2657 1472 daemoniaci
2701 1406 2860 1471 libe-

745 1508 892 1586 rati,
938 1512 1102 1593 quot
1146 1507 1500 1594 paralytici
1545 1506 1828 1586 solidati,
1877 1513 2043 1593 quot
2089 1509 2242 1574 caeci
2287 1508 2665 1586 illuminati,
2699 1514 2863 1593 quot

748 1610 931 1676 surdi
997 1611 1299 1696 mutique
1365 1611 1595 1689 curati,
1642 1615 1807 1696 quot
1868 1610 2017 1676 aliis
2079 1600 2568 1677 calamitatibus
2630 1610 2860 1677 afflicti

749 1719 1061 1801 operante
1092 1713 1235 1779 Deo
1280 1735 1404 1800 per
1430 1735 1583 1779 eum
1622 1713 1971 1801 magnifice
1988 1712 2015 1752 ¹
2043 1714 2333 1780 recreati.
2425 1713 2554 1779 His
2583 1713 2860 1799 aliisque

751 1818 833 1883 de
907 1816 1121 1883 causis
1196 1816 1491 1882 maxima
1554 1814 1901 1883 hominum
1977 1816 2339 1883 multitudo
2400 1817 2489 1883 ad
2562 1838 2713 1883 eum
2778 1818 2861 1882 de

752 1920 1112 2006 longinquo
1157 1920 1552 2006 properabat
1578 1944 1620 1999 ;·
1653 1921 1846 2006 eique
1890 1942 1961 1986 se
2003 1942 2081 1987 ac
2143 1942 2296 1987 suos
2340 1920 2707 1988 carissimos
2749 1921 2863 2006 pio

621 2068 632 2079 ,
753 2021 976 2086 studio
1021 2020 1538 2089 commendabat.
1632 2020 1814 2102 Quos
1872 2022 2016 2107 ipse
2061 2027 2288 2088 sancto
2333 2022 2576 2088 mentis
2621 2021 2863 2086 affectu

754 2124 897 2189 Deo
927 2124 1407 2215 commendans,
1452 2123 1846 2189 hortabatur
1884 2123 2013 2189 Dei
2043 2125 2361 2190 mandata
2403 2125 2656 2190 sincera
2700 2123 2863 2189 cari-

753 2229 894 2289 tate
931 2223 1263 2310 amplecti,
1326 2224 1550 2308 eisque
1614 2245 1730 2309 per
1792 2225 2016 2290 omnia
2075 2225 2367 2291 debitam
2422 2225 2864 2290 obedientiam

754 2348 906 2393 cum
951 2325 1324 2423 reverentia
1368 2325 1694 2392 exhibere.

608 2661 618 2669 η
1457 2570 1904 2655 [CAPrruLUM
1950 2572 2164 2657 LIII.]

424 2737 671 2789 wilffld’s
849 2726 1155 2792 Instabat
1193 2725 1406 2811 igitur
1449 2731 1713 2812 tempus
1760 2731 1831 2791 et
1888 2726 2067 2804 hora,
2114 2747 2263 2811 quae
2309 2749 2351 2793 a
2392 2728 2576 2793 nullo
2621 2676 2879 2793 morta-¹

417 2804 696 2935 ἒζῗοίἑζη
757 2828 924 2893 lium
988 2831 1209 2915 potest
1270 2827 1612 2914 praeteriri,
1673 2832 1946 2914 totaque
2014 2828 2364 2895 infirmitas
2425 2850 2573 2915 quae
2636 2829 2869 2895 famuli

758 2932 887 2998 Dei
949 2953 1182 3019 corpus
1245 2932 1600 3017 premebat,
1663 2932 1900 2999 vitalia
1961 2933 2156 2998 subit.
2270 2933 2561 3020 Agmina
2624 2934 2869 3000 diversi

760 3033 1009 3099 ordinis
1077 3034 1364 3110 adstant,
1410 3038 1480 3098 et
1524 3038 1685 3099 vota
1747 3034 1966 3099 laudis
2033 3034 2175 3100 Deo
2227 3056 2347 3121 pro
2407 3034 2588 3100 illius
2644 3035 2870 3100 obitus

759 3136 1248 3223 exspectatione
1293 3135 1715 3221 persolvunt3
1776 3157 1855 3202 ac
1897 3137 2056 3202 licet
2114 3137 2199 3202 ob
2248 3137 2719 3203 desolationem
2764 3139 2870 3202 sui

760 3259 1178 3324 nequaquam
1252 3238 1477 3324 lugere
1552 3259 1688 3304 non
1755 3245 2038 3325 possent,
2115 3262 2230 3326 spe
2292 3246 2519 3306 tamen
2580 3241 2873 3306 maxima

762 3338 1226 3417 consolantur?
1255 3340 1413 3424 quia
1456 3361 1525 3404 se
1571 3340 1902 3425 spirituali
1950 3340 2092 3426 ejus
2136 3342 2488 3427 praesentia
2531 3363 2873 3427 nunquam
2926 3349 2937 3358 “

763 3443 1215 3509 destituendos
1273 3442 1413 3508 fore
1482 3442 1844 3509 confidunt.
1954 3444 2106 3530 Ipse
2149 3465 2305 3510 vero
2364 3449 2556 3530 pater
2598 3445 2873 3511 circum-

764 3547 1086 3612 stantium
1160 3545 1447 3610 filiorum
1523 3545 1733 3610 nimia
1807 3547 2098 3624 caritate,
2162 3546 2451 3613 tenuiter
2530 3547 2874 3633 respiranS,

764 3647 1090 3712 defessum
1149 3651 1352 3731 caput
1410 3645 1772 3732 paullisper
1832 3647 2080 3726 erexit3
2141 3652 2343 3732 atque
2387 3649 2462 3711 in
2504 3647 2610 3712 his
2655 3647 2875 3713 verbis

765 3771 873 3816 eos
919 3748 1166 3835 alloqui
1212 3748 1429 3834 coepit.
1526 3756 1558 3783 “
1591 3747 1827 3814 Gratia
1883 3748 2118 3813 Divini
2162 3749 2402 3815 amoris
2447 3754 2527 3814 ut
2570 3747 2644 3814 in
2687 3749 2875 3815 vobis

766 3861 800 3889 “
837 3852 1092 3939 jugiter
1158 3854 1440 3927 maneat,
1503 3849 1740 3915 fratres
1801 3848 2181 3928 dulcissimi,
2228 3856 2373 3917 tota
2425 3852 2678 3917 virtute
2723 3873 2875 3937 ope-

767 3962 803 3989 “
846 3976 988 4018 ram
1034 3952 1223 4018 date:
1288 3972 1486 4036 quam
1530 3951 1815 4036 gratiam
1860 3957 1939 4015 ut
1982 3950 2261 4017 feliciter
2304 3952 2687 4017 mereamini
2731 3973 2877 4036 per-

769 4064 802 4089 “
847 4053 1203 4140 petualiter
1278 4051 1591 4129 obtinere,
1670 4051 1948 4116 fraterni
2009 4052 2248 4116 amoris
2316 4050 2528 4117 officia
2589 4051 2879 4117 studiose

771 4163 806 4191 “
851 4155 1136 4221 invicem
1158 4152 1185 4193 ⁸
1229 4173 1528 4217 exercere
1573 4151 1853 4216 studete.
1947 4150 2067 4215 Nil
2129 4152 2307 4236 quod
2359 4172 2478 4217 vos
2522 4153 2610 4217 ab
2654 4152 2879 4217 istius-

771 4265 806 4291 “
850 4255 1062 4328 modi,
1093 4253 1375 4319 officiosa
1441 4251 1716 4318 caritate
1778 4251 2053 4318 seducat
2112 4252 2495 4330 attendatis,
2541 4274 2625 4319 ne
2672 4254 2760 4319 ab
2804 4276 2881 4319 ea

771 4366 810 4392 «ι
850 4378 1000 4442 quae
1045 4355 1119 4420 in
1163 4354 1430 4422 christo
1476 4356 1578 4418 est
1638 4352 2037 4420 sinceritate·
2069 4353 2337 4420 cadatis.
2453 4353 2734 4441 Maligni
2777 4354 2879 4418 in-

840 4603 857 4637 1
892 4601 1178 4668 maqmfice]
1210 4600 1328 4662 sint,
1353 4600 1447 4649 ine.
1471 4599 1541 4649 A.
1935 4597 1957 4631 ³
1990 4598 2222 4666 invicem]
2254 4606 2306 4650 et
2329 4598 2385 4649 in
2407 4612 2598 4661 omnes,
2622 4599 2715 4649 im.
2740 4597 2801 4648 B.

838 4681 860 4715 ²
891 4677 1232 4744 consolamur]
1274 4679 1685 4739 consolabantur,
1708 4679 1776 4729 A.
