3600 5800
866 890 996 952 508
1726 900 2101 950 APPENDIX.

863 1091 899 1117 “
938 1088 1188 1155 vidistis,
1216 1105 1252 1142 a
1273 1086 1438 1143 vobis
1461 1086 1664 1158 procul
1689 1085 1946 1158 abjicite.
2010 1086 2157 1141 Haec
2182 1084 2375 1150 facite,
2402 1090 2464 1142 et
2487 1087 2646 1142 Deus
2672 1085 2834 1158 pacis
2859 1085 2974 1140 erit

864 1175 903 1199 “
942 1173 1263 1226 vobiscum.
1340 1172 1420 1226 Et
1455 1188 1626 1235 nunc,
1665 1170 1875 1224 fratres
1910 1168 2240 1234 carissimi,¹
2289 1169 2473 1223 nolite
2526 1186 2720 1224 moras
2756 1169 2973 1223 inferre

864 1257 900 1282 ‘⁶
943 1255 1243 1324 migranti.
1317 1254 1440 1310 Vos
1490 1253 1648 1308 enim
1686 1253 1829 1308 olim
1883 1269 1977 1307 me
2013 1252 2089 1307 ad
2124 1252 2311 1306 vitam
2348 1258 2584 1306 euntem
2632 1251 2971 1316 revocastis,

866 1342 904 1364 “
944 1338 1047 1392 sed
1084 1338 1255 1393 modo
1291 1336 1556 1409 parcite,²
1607 1353 1825 1407 quaeso.
1902 1335 2084 1390 Juvat
2132 1335 2286 1389 enim
2322 1352 2438 1399 me,
2478 1334 2744 1406 deposito
2780 1337 2974 1390 carnis

867 1419 904 1443 “
946 1434 1141 1481 onere,
1179 1416 1423 1487 Agnum
1477 1415 1587 1471 Dei
1639 1414 1868 1487 sequi.”
1943 1406 2072 1469 His
2117 1406 2311 1470 dietis
2356 1428 2397 1472 a
2439 1406 2755 1471 fratribus
2804 1407 2976 1471 cirea.

861 1518 931 1561 Se
975 1496 1425 1581 psallentibUS,
1471 1517 1622 1561 cum
1667 1494 2094 1579 pervenirent
2136 1504 2211 1558 ad
2246 1521 2485 1558 versum
2522 1503 2742 1558 Psalmi
2779 1509 2974 1559 cente·

527 1597 628 1647 His
652 1597 823 1647 death.
864 1595 998 1651 simi
1039 1597 1203 1650 tertii
1253 1595 1531 1651 “Emitte
1585 1594 1861 1666 spiritum
1911 1598 2096 1659 tuum,
2138 1601 2200 1650 et
2233 1595 2646 1669 creabuntur‚''
2699 1595 2974 1666 spiritum

862 1695 1032 1732 suum
1080 1679 1145 1731 in
1180 1695 1389 1733 manus
1425 1677 1720 1733 Creatoris
1759 1674 2013 1730 feliciter
2062 1675 2277 1741 emisit,
2330 1671 2563 1731 octavo
2609 1666 2741 1731 kal.
2792 1666 2971 1743 Maii,

861 1778 1036 1822 anno
1082 1756 1354 1822 Domini
1384 1757 1917 1837 septingentesimo
1947 1781 2126 1830 nono,
2162 1765 2300 1818 vitas
2337 1764 2464 1835 ejus
2493 1757 2976 1841 septuagesimo
3045 1788 3057 1799 ·

865 1848 1118 1932 quint0,
1172 1856 1537 1927 episcopatus
1591 1872 1729 1910 vero
1780 1863 1957 1909 anno
2018 1843 2519 1929 quadragesimo
2583 1843 2863 1930 quint0,3
2907 1851 2977 1910 et

863 1944 929 1998 iu
963 1943 1337 2007 monasterie,
1392 1941 1548 2012 quod
1602 1941 1730 2014 ipse
1776 1932 1957 2018 apud
2014 1941 2233 2012 Ripum
2286 1958 2322 1994 a
2372 1939 2772 1997 fundamentis
2823 1955 2976 1999 con-

859 2027 1212 2100 struxerat,
1258 2021 1618 2088 honorifice
1662 2022 1998 2109 sepelitur.

528 2139 639 2190 The
660 2138 813 2190 mira-
934 2133 1105 2188 Anno
1163 2129 1389 2190 autem
1457 2132 1839 2204 depositionis
1897 2132 2026 2202 ejus
2108 2136 2457 2195 transcursO,
2516 2142 2665 2188 cum
2725 2134 2977 2191 maxima

528 2206 707 2256 (ΝΟΜ
864 2223 1182 2278 multitudo
1217 2221 1415 2293 populi
1457 2220 1726 2274 excubias
1775 2212 1947 2277 circa
1990 2208 2363 2295 sepulcrum
2408 2209 2551 2295 ejus
2612 2220 2977 2278 celebratura

524 2272 775 2402 {5¹¹}ssss
864 2303 1261 2378 conveniret,
1299 2310 1609 2381 aspiciunt,
1635 2315 1697 2366 et,
1746 2312 1914 2366 0000!
1954 2309 2055 2362 lux
2092 2306 2319 2361 caelitus
2355 2308 2428 2363 ab
2466 2309 2691 2364 oriente
2727 2310 2978 2366 demissa

525 2405 642 2469 day,
862 2396 1052 2446 totum
1103 2392 1298 2446 locum
1348 2390 1497 2444 miro
1553 2390 1861 2461 splendore
1914 2389 2237 2454 irradiavit,
2277 2406 2623 2463 omnemque
2676 2392 2868 2446 noctis
2918 2396 2979 2446 et

863 2476 1230 2531 tenebrarum
1285 2475 1588 2529 horrorem
1624 2492 1729 2529 sua
1763 2475 2081 2545 praesentia
2127 2473 2431 2545 effugavit.
2505 2476 2671 2545 Quod
2708 2476 2976 2531 videntes

865 2560 980 2645 qui
1025 2560 1303 2624 aderant
1347 2580 1591 2645 magna
1634 2558 1877 2624 laetitia
1921 2564 1990 2624 et
2033 2557 2278 2643 gaudio
2322 2560 2558 2645 repleti
2603 2566 2776 2625 sunt.

526 2672 762 2732 Eadmer,
934 2669 1296 2739 Magnitudo·
1336 2661 1512 2725 enim
1564 2670 1866 2739 signorum
1918 2686 2089 2739 quam
2129 2668 2201 2722 ad
2239 2686 2449 2740 corpus
2486 2673 2613 2744 ejus
2660 2672 2734 2728 de
2771 2671 2868 2727 die
2915 2672 2977 2727 in

526 2753 638 2828 ⁰⁸?-
663 2737 750 2789 lvi·
864 2757 1024 2812 diem
1077 2757 1362 2812 Dominus
1418 2749 1673 2834 operari
1735 2770 1873 2812 non
1948 2747 2209 2821 desinit,
2282 2756 2495 2811 merita
2554 2758 2738 2828 ipsius
2798 2758 2977 2829 longe

527 2817 782 2868 mmloe·
863 2837 1095 2907 lateque
1145 2837 1495 2902 declarabat,
1559 2844 1620 2891 et
1677 2835 1894 2907 insigni
1954 2836 2114 2888 sama
2161 2840 2451 2906 permotos
2511 2835 2585 2888 ad
2634 2839 2975 2893 memoriam

861 2920 1022 2976 illius
1056 2922 1388 2976 innumeros
1422 2919 1702 2992 populos⁴
1743 2918 2123 2991 aggregabat.

937 3004 1248 3071 Processu
1317 3028 1472 3071 vero
1534 3004 1852 3090 temporis
1920 3003 2092 3069 circa
2162 3021 2411 3065 annum
2473 3001 2744 3067 Domini
2809 3025 2975 3068 non-

866 3109 1304 3195 gentesimum
1351 3107 1971 3195 quinquagesimum
2013 3125 2280 3180 nonum,
2314 3114 2785 3186 archiepiscopus
2824 3115 2975 3171 Can-

527 3213 698 3265 Arch-
868 3209 1176 3265 tuariensis
1214 3210 1359 3275 Od0,
1398 3211 1821 3266 Eboracensem
1860 3204 2218 3278 provinciam
2268 3198 2511 3272 adienS,
2548 3205 2704 3275 apud
2759 3205 2979 3276 Ripum

527 3281 709 3359 bi⁸i¹⁰P
730 3279 843 3333 0d⁰
868 3296 1082 3367 pergit,
1109 3289 1490 3354 monasterii
1515 3295 1671 3351 beati
1695 3295 1954 3350 wilfridi
1982 3285 2451 3353 desolationem
2488 3293 2977 3360 consideraturus,

528 3355 713 3477 ἓξὲξ.
871 3392 931 3441 et
965 3387 1205 3442 horrida
1239 3387 1549 3444 solitudine
1590 3388 1716 3441 visa
1748 3386 2024 3457 lacrymis
2062 3398 2264 3461 genas
2309 3400 2460 3442 suas
2515 3381 2723 3460 rigare
2755 3374 2977 3459 coepit.

529 3491 765 3552 Eadmer,
872 3467 1049 3531 Ante
1093 3467 1210 3533 illa
1254 3469 1444 3546 enim,
1477 3473 1774 3552 tempora
1818 3475 2052 3531 hostilis
2083 3465 2425 3533 Danorum
2470 3476 2736 3530 incursus
2792 3473 2976 3542 ipsam

531 3572 643 3622 0⁸1)-
667 3556 775 3607 lvii.
868 3564 1252 3632 provinciam,
1291 3556 1627 3623 demeritis
1690 3553 2054 3620 incolarum
2122 3557 2557 3643 exigentibus,
2613 3550 2977 3636 occupavit,

799 3651 808 3658 ‘
869 3652 1059 3707 multa
1095 3654 1282 3710 millia
1314 3656 1618 3711 hominum
1663 3642 2012 3720 interfecit,
2078 3649 2147 3709 et
2191 3654 2389 3708 omnia
2435 3654 2566 3707 loca
2615 3649 2974 3705 monasterio

870 3730 1098 3797 Sancti
1142 3743 1401 3798 wilfridi
1440 3741 1918 3813 circumjacentia
1952 3741 2026 3796 ad
2062 3741 2248 3795 instar
2283 3739 2615 3796 solitudinis
2675 3728 2976 3793 devasta-

866 3821 985 3885 vit.
1077 3829 1497 3885 Monasterium
1550 3829 1743 3900 ipsum
1793 3845 2104 3899 pervasum
2151 3841 2231 3885 ac
2279 3829 2562 3891 dirutum,
2604 3827 2860 3881 ferarum
2911 3842 2979 3880 ao

858 3915 1256 3988 jumentorum
1294 3917 1563 3973 sordibus
1599 3908 1833 3973 extitit
1876 3908 2410 3992 ignominiosum;
2449 3932 2658 3986 corpus
2694 3912 2978 3969 antistitis

868 3996 1081 4062 saneti
1127 4006 1285 4060 omni
1322 4006 1539 4061 honore
1572 4006 1889 4078 privatum,
1932 4006 2087 4061 inter
2125 4007 2282 4077 ipsas
2321 4003 2522 4060 sordes
2558 4001 2752 4074 primo
2788 4000 2978 4072 sepul-

867 4101 1018 4149 turae
1079 4111 1199 4148 sum
1272 4094 1400 4150 loco
1458 4093 1679 4149 mansit
1755 4094 2081 4147 immotum.
2216 4084 2503 4150 Sanctus
2580 4103 2735 4146 Vero
2813 4080 2976 4158 Od0‚

868 4179 1174 4252 praemissa
1209 4182 1633 4253 supplicatione
1668 4180 1744 4235 ad
1780 4171 2016 4249 Deum,
2052 4183 2207 4253 quod
2241 4181 2347 4237 diu
2380 4184 2578 4236 mente
2625 4183 2980 4235 tractaverat

532 4264 658 4315 And
870 4278 1043 4334 opere
1078 4261 1323 4333 implere
1380 4261 1701 4333 satagebat.
1775 4261 1931 4316 Nam
1980 4265 2201 4316 statuto
2236 4261 2334 4316 die
2371 4265 2593 4316 terram
2627 4258 2732 4314 ubi
2768 4274 2978 4329 corpus

530 4346 761 4381 '‘³³¹⁰‘'OE
868 4341 1080 4407 saneti
1104 4344 1364 4400 Wilfridi
1402 4342 1697 4413 sepultum
1727 4340 1963 4412 jacebat
2006 4332 2283 4417 aperuit,
2310 4338 2506 4394 omnia
2540 4355 2675 4393 ossa
2706 4354 2978 4393 reveren·

529 4396 779 4523 ggffi?
868 4443 959 4493 ter
997 4455 1130 4493 cum
1166 4433 1406 4505 pulvere
1428 4421 1700 4497 levavit,
1738 4434 1798 4483 et
1837 4427 2214 4485 Cantuariam
2250 4445 2445 4485 secum
2491 4440 2638 4484 cum
2686 4418 2976 4483 maximo

2920 4572 2975 4580 ο,

2035 4645 2058 4678 ³
2091 4645 2154 4695 E.
2180 4647 2282 4695 and
2316 4645 2381 4697 O.
2407 4644 2535 4695 omit
2569 4645 2656 4696 the
2693 4645 2793 4696 last
2829 4659 2977 4710 para.

1970 4725 2147 4791 graph-

931 4787 955 4821 2
983 4784 1209 4855 parcite]
1251 4780 1504 4846 projicite,
1527 4781 1591 4832 Ε.
2036 4803 2057 4835 ⁴
2089 4803 2325 4871 popula]
2366 4820 2466 4855 om.
2489 4804 2552 4855 E.

935 4684 952 4716 ¹
987 4679 1268 4745 carissimi]
1310 4677 1431 4740 mei,
1453 4677 1517 4727 E.
1543 4674 1609 4728 Ο.
