3600 5800
857 817 987 878 430
1497 829 1659 877 vrrA
1706 829 1948 878 smc'n
1997 829 2321 890 oswALm,

854 1019 888 1047 “
934 1012 1217 1098 ligionis,
1263 1012 1321 1076 61
1385 1013 1476 1078 611,
1519 1014 1635 1098 qui
1700 1013 1796 1078 eis
1841 1013 2022 1078 viam
2090 1012 2397 1077 veritatis
2458 1011 2750 1078 revelare
2817 1011 2967 1097 dig-

855 1121 891 1148 “
934 1118 1136 1179 natus
1178 1113 1319 1179 sit.”
1413 1114 1509 1179 At
1553 1114 1680 1192 ille,
1724 1114 2022 1201 gaudens
2065 1114 2153 1179 ad
2196 1114 2688 1201 responsionem
2734 1113 2965 1200 ipsius,

855 1223 891 1249 “
935 1215 1114 1281 dixit
1179 1216 1477 1293 antistes,
1547 1225 1582 1252 “
1606 1216 1862 1282 Vellem
1928 1220 2270 1302 gratanter
2312 1216 2539 1283 videre
2604 1216 2837 1294 locum,
2905 1216 2965 1280 si

856 1325 890 1352 “
935 1325 1073 1384 tuae
1147 1318 1526 1385 celsitudini
1601 1318 1905 1405 placeret.
1998 1326 2014 1353 ‘
2035 1317 2191 1384 Fiat
2249 1318 2613 1384 secundum
2679 1318 2961 1384 verbum

856 1428 891 1454 “
935 1424 1146 1498 tuum,
1191 1426 1380 1514 pater
1423 1421 1555 1500 mi;
1614 1426 1698 1498 et,
1746 1422 1803 1485 si
1849 1419 2081 1506 placet,
2127 1425 2434 1487 construe
2477 1420 2670 1487 nobis
2714 1420 2964 1486 ibidem

858 1530 891 1555 “
938 1521 1154 1590 locum
1221 1544 1649 1600 communem,
1716 1542 1849 1607 quo
1908 1522 2145 1587 fratres
2213 1522 2332 1600 tui,
2398 1522 2602 1588 immo
2669 1527 2739 1589 et
2810 1522 2962 1596 mei,

858 1632 893 1659 “
939 1624 998 1688 si
1066 1624 1334 1702 Christi,
1403 1630 1655 1710 queant
1715 1645 1975 1691 summo
2021 1624 2356 1692 Salvatori
2410 1624 2667 1711 jugiter
2732 1624 2963 1690 minis·

857 1733 893 1760 “
937 1726 1167 1792 trare?

946 1827 1097 1914 Ipse
1161 1849 1318 1896 vero
1380 1831 1571 1914 pater
1631 1827 1828 1893 laetus
1891 1825 2189 1905 efficitur,
2255 1826 2373 1913 qui
2434 1828 2685 1915 gratias
2759 1847 2961 1914 agens

853 1927 1151 2015 loquenti
1196 1929 1423 2008 amicO,
1454 1951 1572 2017 per
1615 1950 1977 2015 paucorum
2023 1930 2280 1995 dierum
2317 1931 2611 2016 spatium
2654 1930 2962 2017 pervenit

520 2043 726 2122 stald
854 2032 941 2098 ad
1001 2031 1286 2099 insulam
1346 2053 1496 2118 quse
1563 2031 1914 2117 Ramesige
1981 2031 2242 2098 dicitur.
2354 2032 2626 2102 Intrans
2677 2032 2962 2118 denique

855 2133 929 2199 in
995 2133 1198 2212 illam,
1267 2138 1337 2200 et
1391 2154 1671 2200 cernens
1747 2132 2049 2200 sollicitis
2124 2133 2475 2200 obtutibus
2542 2134 2755 2220 ipsam
2822 2155 2963 2200 esse

854 2257 1212 2323 congruam
1277 2235 1616 2304 monachis
1688 2236 1776 2302 ad
1852 2235 2331 2314 habitaculum,
2393 2236 2789 2302 mirabiliter
2861 2241 2966 2301 est

854 2339 1049 2406 laetus
1122 2339 1410 2406 effectus.
1502 2338 1792 2404 Videbat
1868 2337 1963 2403 ibi
2023 2342 2309 2424 pratum,
2387 2338 2665 2424 sylvam,
2725 2345 2966 2425 stagna

854 2461 1195 2526 aquarum,
1240 2440 1523 2527 piscium
1567 2439 1784 2505 multa
1827 2460 2090 2526 genera,
2134 2438 2366 2505 avium
2416 2426 2966 2518 multitudinem3

856 2564 1004 2627 quae
1068 2542 1291 2608 omnia
1353 2562 1623 2608 cernens
1685 2540 2007 2607 laudabat
2058 2561 2300 2607 nomen
2363 2540 2655 2621 Domini,
2704 2541 2838 2624 Qui
2898 2540 2961 2608 ei

520 2126 597 2158 vus

521 2177 761 2242 Ramsey.

855 2644 1319 2712 consolationis
1382 2643 1885 2711 amminiculum
1903 2657 1936 2692 ⁹⁴
2001 2644 2337 2712 concessit.
2428 2645 2606 2724 ΜοΧ,
2653 2650 2735 2711 111,
2778 2644 2961 2711 domi

522 2757 604 2807 on
624 2756 706 2808 his
727 2771 805 2808 re-
856 2766 1156 2812 reversus
1223 2751 1341 2824 est,
1386 2745 1701 2832 praecepit
1763 2746 2205 2832 dispensatori
2264 2746 2567 2825 coenobii,
2613 2746 2964 2814 Eadnotho

519 2824 832 2942 ffirnmfflne,
858 2848 1199 2927 sacerdoti,
1230 2848 1421 2935 cujus
1463 2847 1850 2916 memoriam
1895 2849 2197 2936 superius
2240 2848 2383 2929 feci,
2426 2855 2509 2916 ut
2550 2849 2639 2917 ad
2682 2848 2965 2916 eundem

520 2972 668 3008 mous
696 2958 833 3009 Ead-
859 2951 1246 3037 quantotius
1292 2956 1687 3038 properaret,
1732 2957 1803 3018 et
1847 2953 2072 3019 omnia
2116 2973 2265 3039 quae
2309 2953 2615 3021 monachi
2660 2953 2966 3040 indigent

519 3024 644 3150 ἓξὲξ
664 3030 767 3140 {fad
858 3053 1105 3120 ibidem
1150 3059 1575 3121 construeret.
1667 3053 1802 3136 Qui
1841 3060 2112 3141 accepta
2155 3059 2483 3141 potestate
2513 3055 2689 3122 tanti
2733 3056 2967 3142 operis,

518 3159 671 3208 sends
692 3156 799 3207 him
857 3177 994 3223 non
1056 3155 1304 3236 diebus,
1365 3177 1502 3223 non
1569 3156 1877 3223 noctibus
1943 3157 2241 3224 cessabat
2305 3177 2349 3223 a
2392 3156 2613 3224 labore
2675 3157 2804 3223 sibi
2861 3157 2964 3222 in-

517 3224 834 3341 {gffluffiss
850 3260 1102 3347 juncto.
1194 3258 1496 3346 Cumque
1556 3265 1821 3345 tempus
1886 3260 2076 3325 verni
2136 3260 2581 3345 pertransiret,
2643 3265 2714 3326 et
2764 3265 2965 3326 aestas

518 3372 731 3421 prepare
857 3362 1220 3439 adveniret,
1285 3362 1490 3448 coepit
1551 3361 1913 3447 praedictus
1960 3360 2251 3427 famulus
2318 3367 2816 3448 perseveranter
2883 3382 2965 3427 ea

519 3423 783 3541 ,Ἶέθῗθῖω
858 3464 1068 3532 facere
1113 3484 1263 3550 quae
1308 3485 1468 3529 suus
1512 3463 1641 3530 sibi
1671 3468 2076 3550 praeceperat
2105 3463 2427 3530 dominus.
2519 3464 2833 3531 Paratum
2864 3468 2966 3529 est

523 3568 794 3634 Buildings
859 3566 1177 3652 exiguum
1239 3566 1619 3642 oratorium,
1665 3571 1736 3631 et
1790 3564 2282 3643 dormitorium,
2328 3565 2703 3652 pariterque
2764 3564 2967 3632 refec-

522 3650 609 3686 are
617 3636 832 3688 ereeted.
859 3668 1104 3735 torium
1168 3669 1242 3733 in
1309 3668 1537 3735 eodem
1601 3673 1913 3752 tempore,
1959 3667 2139 3752 quod
2203 3667 2583 3734 denuntiari
2651 3667 2968 3755 praecepit

524 3780 769 3833 Oswald's
861 3792 1116 3837 summo
1159 3769 1459 3856 principi.
1553 3768 1839 3835 Gavisus
1905 3769 2263 3835 admodum
2330 3770 2472 3856 ipse
2517 3791 2636 3856 pro
2698 3769 2824 3837 hac
2875 3791 2962 3845 re,

518 3849 690 3966 {ss'grss‘
712 3847 801 3901 ‘¹¹⁰
853 3873 1057 3959 jussit
1100 3873 1324 3939 omnia
1368 3872 1724 3959 praeparari
1770 3892 1921 3958 quae
1965 3872 2052 3938 ad
2096 3869 2568 3957 profectionem
2596 3878 2738 3939 tam
2780 3871 2965 3959 longi

860 3975 1119 4042 itineris
1177 3974 1540 4042 necessaria
1584 3978 1791 4051 erant,
1852 3978 1939 4051 et,
1982 3973 2339 4060 assumptis
2382 3973 2698 4041 fiat-ribus
2741 3995 2963 4041 secum

860 4084 932 4145 et
974 4077 1396 4165 perplurimis
1439 4075 1733 4141 honestis
1777 4073 1958 4152 viris,
2004 4074 2333 4161 profectus
2377 4080 2481 4141 est
2530 4096 2681 4143 cum
2719 4076 2967 4163 gaudio

857 4183 1116 4249 mentis-
1147 4186 1217 4247 61,
1260 4178 1672 4248 exultatione
1715 4177 1943 4246 cordis,
2038 4178 2395 4266 Postquam
2437 4180 2613 4267 grati
2655 4181 2967 4248 autumni

861 4290 1122 4371 tempus
1153 4281 1546 4350 mortalibus
1574 4280 1867 4359 advenit,
1913 4285 1984 4346 et
2011 4280 2320 4348 AEternos
2367 4281 2516 4369 (sic)
2563 4282 2967 4369 septimanas

862 4386 1154 4474 perfecit,
1222 4382 1411 4451 venit
1464 4383 1751 4471 justitiae
1815 4386 2072 4449 amator
2136 4383 2225 4450 ad
2286 4382 2503 4450 locum
2577 4385 2706 4450 sibi
2772 4384 2968 4451 valde

861 4509 1104 4567 carum,
1136 4508 1272 4574 qua
1302 4487 1410 4553 die
1456 4485 1795 4553 colebatur
1840 4484 2171 4551 festivitas
2216 4485 2298 4552 de
2329 4506 2464 4572 qua
2490 4490 2689 4573 poeta
2729 4487 2972 4555 cecinit

1479 4658 1499 4681 ⁸
1523 4648 1905 4705 amminiculum]
1922 4647 2160 4702 auxilinm,
2176 4647 2336 4697 interl.
