3600 5800
1149 874 1567 940 onomvs’s
1613 891 1774 939 mm
1820 891 1908 939 or
1952 890 2268 939 waram.
2629 874 2755 938 491

660 1080 698 1104 ‘⁸
733 1083 1117 1150 exspectaret.
1209 1079 1289 1134 Ει
1337 1078 1451 1134 hac
1502 1083 1720 1144 exorta,
1774 1078 1826 1133 si
1881 1078 2190 1135 Dominica
2240 1077 2389 1145 dies,
2441 1094 2574 1173 quae
2620 1081 2767 1131 tunc
2788 1078 2991 1141 Beda,
2975 1078 3051 1130 lii.

664 1161 703 1187 “
740 1161 936 1233 prima
992 1160 1234 1216 Sabbati
1284 1161 1624 1226 vocabatur,
1664 1166 1789 1215 erat
1839 1177 2011 1216 mane
2069 1167 2331 1227 ventura,
2368 1160 2434 1215 in
2482 1160 2610 1233 ipsa
2641 1177 2765 1216 ves·
2792 1149 2875 1197 25.

660 1245 699 1272 “
733 1261 878 1315 pera
911 1244 1139 1299 Pascha
1184 1243 1557 1299 Dominicum
1605 1242 1901 1299 celebrare
1947 1244 2283 1316 incipiebat,
2337 1243 2625 1317 quomodo
2659 1260 2766 1299 nos

659 1322 695 1352 “
736 1335 962 1379 omnes
1006 1322 1181 1378 hodie
1251 1323 1446 1378 facere
1515 1322 1784 1378 solemus.
1887 1322 1993 1378 Sin
2044 1329 2243 1381 autem
2288 1324 2597 1379 Dominica
2647 1339 2766 1378 non

660 1405 699 1431 “
735 1402 1000 1476 proximo
1052 1418 1226 1457 mane
1271 1407 1408 1473 post
1458 1401 1664 1457 lunam
1715 1401 2296 1473 quartamdecimam,
2336 1401 2441 1457 sed
2491 1402 2557 1456 in
2605 1407 2767 1458 sexta

664 1488 702 1515 “
740 1486 985 1552 decima,
1023 1491 1128 1541 aut
1174 1484 1422 1557 septima
1474 1484 1720 1549 decima,
1760 1490 1867 1540 aut
1915 1484 2033 1540 alia
2080 1484 2342 1556 qualibet
2381 1483 2539 1551 luna,
2578 1500 2765 1555 usque

663 1572 703 1598 “
741 1570 817 1626 ad
873 1570 1215 1626 vicesimam
1273 1567 1525 1640 primam
1576 1572 1730 1623 esset
1766 1572 2034 1633 ventura,
2087 1567 2458 1639 exspectabat
2507 1584 2654 1632 eam,
2705 1572 2768 1622 et

662 1655 702 1681 “
741 1653 1101 1726 pmcedente
1159 1651 1431 1717 Sabbato,
1481 1668 1739 1723 vespere,
1791 1656 2161 1707 sacrosancta
2205 1651 2448 1706 Paschae
2502 1651 2769 1706 solennia

660 1739 701 1766 ‘⁶
739 1736 1067 1793 inchoabat.
1169 1734 1382 1806 Sicque
1441 1734 1634 1799 fiebat,
1696 1740 1767 1789 ut
1817 1733 2128 1789 Dominica
2179 1733 2421 1790 Paschae
2471 1733 2596 1789 dies
2646 1751 2768 1790 non

659 1822 698 1849 ‘⁴
739 1821 858 1876 nisi
893 1839 929 1876 a
966 1818 1402 1892 quintadecima
1437 1818 1578 1873 luna
1620 1835 1807 1888 usque
1857 1816 1933 1872 ad
1979 1818 2320 1873 vicesimam
2356 1817 2610 1889 primam
2647 1835 2767 1873 ser-

661 1906 700 1931 “
737 1911 993 1960 varetur.
1091 1903 1300 1972 Neque
1320 1901 1338 1933 ¹
1397 1902 1527 1956 haec
1593 1900 1760 1955 Eva-n
1804 1900 1956 1956 elica
2013 1906 2073 1955 et
2129 1900 2471 1972 Apostolica
2526 1899 2768 1956 traditio

661 1985 701 2011 “
742 1983 963 2054 Legem
987 1982 1179 2045 solvit,
1207 1980 1308 2035 sed
1341 1980 1535 2052 potius
1572 1979 1769 2053 adimp
1796 1972 1952 2045 evit,
1991 1979 2090 2033 in'
2131 1979 2301 2052 [qua]
2340 1980 2768 2036 observandum

662 2065 701 2090 “
738 2062 965 2117 Pascha
1017 2078 1054 2116 a
1102 2059 1538 2131 quartadecima
1593 1998 1769 2115 lunap
1791 2059 1973 2131 primi
2028 2058 2249 2115 mensis
2306 2058 2382 2114 ad
2439 2076 2765 2131 vesperam,

661 2143 700 2169 “
739 2157 923 2211 usque
960 2139 1036 2195 ad
1070 2137 1409 2194 vicesimam
1449 2138 1703 2209 primam
1750 2139 1955 2193 lunam
2002 2137 2262 2209 ejusdem
2308 2140 2524 2194 mensis
2558 2152 2768 2216 usquc

662 2230 700 2256 “
741 2228 818 2283 ad
849 2243 1174 2297 vesperam,
1212 2223 1614 2303 praeccptum
1650 2237 1756 2281 est.
1833 2225 1909 2280 In
1952 2243 2130 2297 quam
2176 2226 2602 2282 observantiam
2637 2228 2769 2283 imi-

662 2309 699 2335 “
738 2306 998 2371 tandam,
1045 2322 1246 2361 omnes
1302 2307 1473 2361 Beati
1528 2306 1568 2360 J
1566 2306 1812 2362 ohannis
1868 2322 2233 2362 successores
2284 2306 2348 2359 in
2400 2304 2583 2361 Asia⁸
2636 2313 2771 2377 post

660 2392 701 2418 “
738 2390 963 2446 obitum
1001 2389 1146 2460 ejus,
1187 2393 1247 2444 et
1283 2389 1476 2445 omnis
1511 2406 1616 2461 per
1652 2389 1855 2444 orbem
1892 2388 2143 2445 ecclesia
2176 2406 2456 2445 conversa
2488 2395 2597 2445 est.
2689 2390 2770 2446 Et

662 2476 696 2501 “
737 2474 850 2529 hoc
886 2490 1011 2528 esse
1044 2489 1254 2527 verum
1303 2472 1547 2538 Pascha,
1597 2473 1711 2528 hoc
1767 2473 1959 2528 solum
2013 2473 2282 2528 fidelibus
2332 2473 2766 2539 celebrandum,

660 2559 700 2584 “
738 2556 802 2611 in
838 2556 1082 2611 Nicaeno
1138 2555 1387 2611 concilio
1422 2573 1539 2611 non
1588 2561 1877 2612 statutum
1923 2557 2175 2623 noviter,
2225 2556 2329 2612 sed
2362 2557 2770 2612 confirmatum

663 2641 702 2667 “
740 2644 848 2705 est,
885 2644 956 2694 ut
988 2638 1388 2694 ecclesiastica
1432 2638 1602 2694 docet
1647 2638 1912 2694 historia.
1992 2638 2161 2694 Unde
2208 2642 2435 2695 constat
2476 2656 2602 2705 vos,
2640 2638 2770 2695 Ool·

661 2723 700 2749 ‘⁶
738 2739 930 2787 mane,
956 2738 1147 2791 neque
1175 2721 1215 2775 J
1215 2721 1482 2787 ohannis,
1507 2728 1578 2777 ut
1601 2710 1964 2787 aestimatiS,
1989 2719 2255 2791 exempla
2283 2719 2518 2784 sectari,
2542 2736 2733 2790 neque
2747 2719 2769 2753 ⁴

663 2802 700 2828 ‘⁶
739 2800 922 2865 Petri,
983 2800 1149 2872 cujus
1216 2799 1523 2856 traditioni
1583 2801 1838 2856 scienter
1897 2798 2310 2864 contradicitis,
2371 2815 2562 2870 neque
2598 2799 2766 2870 Logi,

659 2887 700 2913 ‘⁶
738 2902 929 2957 neque
965 2884 1290 2956 Evangelio
1331 2884 1397 2940 in
1443 2884 1849 2942 observatione
1883 2884 2063 2940 vestri
2082 2881 2103 2915 ⁶
2153 2883 2393 2940 Paschae
2428 2901 2768 2954 congruere.

662 2971 699 2998 “
741 2969 780 3025 J
781 2969 1039 3025 ohannes
1076 2968 1233 3024 enim
1269 2967 1344 3024 ad
1389 2968 1542 3041 legis
1597 2968 1872 3024 Mosaicae
1921 2968 2157 3023 decreta
2208 2972 2440 3038 tempus
2488 2967 2771 3023 Paschale

660 3055 699 3082 “
739 3052 1092 3118 custodiens,
1128 3051 1280 3106 nihil
1330 3050 1405 3106 de
1451 3052 1647 3123 prima
1702 3051 1949 3106 Sabbati
2000 3049 2261 3114 enabat,
2304 3050 2459 3119 quod
2506 3066 2612 3104 vos
2654 3067 2772 3105 non

660 3139 698 3164 “
738 3137 955 3200 facitis,
1016 3134 1120 3203 qui
1135 3134 1156 3166 ⁶
1214 3150 1335 3188 non
1392 3134 1512 3190 nisi
1575 3135 1768 3206 prima
1842 3132 2087 3188 Sabbati
2156 3132 2383 3187 Pascha
2441 3133 2767 3188 celebratis.

661 3219 701 3244 “
739 3218 952 3273 Petrus
1003 3233 1039 3270 a
1086 3215 1523 3286 quintadecima
1571 3216 1717 3271 luna
1750 3232 1940 3286 usque
1994 3214 2070 3270 ad
2120 3213 2462 3269 vicesimam
2514 3215 2766 3287 primam

661 3303 699 3327 “
739 3299 898 3354 diem
935 3299 1176 3354 Paschae
1211 3299 1585 3354 Dominicum
1632 3298 1987 3363 celebrabat,
2038 3297 2195 3369 quod
2241 3315 2346 3353 vos
2399 3314 2515 3352 non
2549 3298 2764 3365 facitis,

664 3385 700 3410 “
739 3382 879 3454 quia
913 3400 949 3437 a
986 3379 1426 3454 quartadecima
1457 3398 1641 3452 usque
1691 3381 1768 3436 ad
1817 3380 2158 3437 vicesimam
2204 3380 2407 3435 lunam
2443 3380 2603 3436 diem
2651 3382 2766 3438 Do-

662 3468 700 3494 “
738 3466 1020 3521 minicum
1072 3464 1312 3519 Paschae
1360 3464 1707 3530 observatis,
1762 3465 1849 3520 ita
1903 3470 1971 3520 ut
2021 3463 2198 3519 tertia
2249 3462 2481 3519 decima
2513 3465 2657 3521 luna
2692 3466 2768 3522 ad

661 3551 700 3575 ‘⁶
738 3566 1045 3621 vesperam
1081 3547 1297 3618 saepius
1331 3547 1559 3604 Pascha
1595 3548 1929 3620 incipiatis3
1985 3548 2152 3619 cujus
2198 3565 2390 3621 neque
2425 3547 2549 3604 Lex
2582 3549 2767 3605 ullam

660 3634 698 3660 ‘⁸
740 3632 885 3688 fecit
935 3630 1315 3696 mentionem,
1364 3648 1554 3704 neque
1600 3635 1803 3687 auctor
1858 3648 1926 3687 ac
1973 3630 2141 3687 dator
2183 3631 2511 3703 Evangelii,
2568 3632 2767 3688 Domi·

662 3717 700 3743 “
739 3734 867 3782 nus,
906 3715 970 3769 in
1019 3732 1104 3779 ea,
1142 3713 1247 3769 sed
1295 3714 1359 3769 in
1410 3714 1847 3787 quartadecima
1880 3715 1979 3770 vel
2025 3720 2194 3770 vetus
2244 3715 2471 3770 Pascha
2522 3715 2767 3771 mandu-

662 3801 698 3827 “
739 3799 898 3855 cavit
945 3797 1022 3854 ad
1080 3814 1402 3869 vesperam,
1455 3799 1553 3853 vel
1602 3798 1760 3854 Novi
1815 3799 2181 3855 Testamenti
2235 3797 2646 3854 Sacramenta⁷
2700 3800 2766 3854 in

661 3886 699 3912 “
739 3881 1287 3939 commemoratione
1326 3881 1464 3938 Suae
1497 3881 1782 3953 passionis
1819 3882 2081 3938 ecclesioe
2116 3881 2465 3938 celebranda
2498 3882 2762 3939 tradidit.

662 3965 700 3990 “
739 3963 967 4017 Lunam
1003 3953 1181 4019 enim
1215 3961 1554 4019 vicesimam
1602 3962 1879 4033 primam,
1930 3980 2107 4036 quam
2155 3963 2278 4019 Lex
2326 3966 2580 4019 maxime
2613 3965 2765 4022 cele-

660 4043 699 4068 “
739 4040 1024 4097 brandam
1059 4042 1513 4108 commendavit,
1541 4059 1577 4097 a
1599 4042 1988 4099 celebratione
2021 4044 2207 4099 vestri
2237 4044 2481 4099 Paschae
2504 4044 2767 4101 funditus

661 4127 699 4151 “
738 4125 1094 4182 eliminatis:
1153 4126 1386 4196 sicque,
1424 4133 1495 4181 ut
1536 4125 1677 4192 dixi,
1714 4126 1780 4180 in
1828 4128 2215 4184 celebratione
2261 4145 2503 4183 summae
2538 4128 2764 4184 festivi-

661 4207 697 4231 “
738 4206 896 4272 tatis,
933 4223 1126 4276 neque
1164 4205 1204 4259 J
1204 4205 1422 4261 ohanni
1456 4222 1649 4277 neque
1666 4205 1688 4239 ⁸
1726 4205 1920 4273 Petro,
1958 4223 2150 4278 neque
2172 4207 2340 4279 Logi,
2376 4220 2500 4267 nec
2544 4199 2765 4266 Evan-

660 4292 694 4318 “
723 4285 898 4371 gelio
942 4284 1404 4352 concordatis?

727 4484 745 4517 ¹
784 4482 989 4550 Neque]
1030 4483 1239 4546 Nec,E.
1827 4484 1849 4516 ⁵
1882 4486 2065 4551 vestr-i]
2104 4486 2208 4548 Ε.;
2244 4487 2422 4547 nostri,
2445 4488 2629 4555 Capgr.

729 4565 752 4599 ²
783 4561 1179 4630 adinpleviqin]
1220 4561 1462 4628 adimplet
1497 4562 1579 4622 ad,
1602 4562 1666 4612 E.
1825 4561 1848 4594 ⁸
1879 4564 1990 4630 qui]
2031 4565 2093 4616 E.
2111 4587 2127 4628 ς
2162 4566 2298 4631 quia,
2321 4567 2508 4635 Capgr.

664 4645 729 4698 O.
1824 4641 1847 4679 ⁷
1888 4643 2189 4694 Testamenti
2213 4645 2563 4713 Sacramenta]
2585 4645 2764 4700 Sacra·

727 4725 749 4758 ³
785 4724 947 4789 Asia]
986 4731 1038 4773 et
1061 4724 1151 4771 ivm.
1175 4723 1236 4773 Ε.
1755 4720 1912 4770 menti
1935 4728 2254 4782 testamenta,
2277 4725 2340 4774 Ε.

726 4805 746 4836 ⁴
780 4804 959 4869 neque]
1001 4818 1114 4865 uec,
1137 4804 1200 4853 Ε.
1821 4800 1844 4833 ⁸
1878 4802 2060 4868 neque]
2100 4819 2212 4864 nec,
2235 4805 2297 4856 Ε.
