3600 5800
1284 864 1335 912 s.
1385 860 1735 912 soumis
1781 856 2102 910 nasoon.
2604 843 2735 912 337

626 1050 949 1139 evigihns
994 1051 1108 1137 qui
1171 1072 1380 1118 caecus
1438 1051 1671 1127 fuerat,
1718 1049 2108 1114 imminente
2153 1047 2459 1125 diluculo,
2520 1053 2734 1115 erecto

482 1204 493 1213 .
625 1156 856 1240 capite,
888 1176 1004 1240 per
1047 1153 1365 1218 fenestras
1394 1151 1642 1218 vitreas
1687 1150 1855 1216 lucis
1884 1171 2187 1217 auroram
2217 1149 2394 1215 vidit
2422 1150 2734 1230 rutilare;

626 1262 697 1321 et
757 1256 974 1320 visum
1041 1254 1477 1341 perspicacem
1539 1275 1607 1318 se
1675 1251 1884 1318 sensit
1944 1252 2260 1338 recepisse
2335 1274 2452 1338 per
2517 1251 2729 1319 sancti

627 1356 1029 1423 confessoris
1072 1355 1478 1433 beneficium,
1525 1354 1713 1440 cujus
1780 1354 2109 1420 instanter
2174 1360 2556 1440 poposcerat
2613 1354 2729 1421 ad-

626 1458 1028 1525 miniculum.
1144 1458 1451 1524 Laudans
1526 1477 1679 1543 ergo
1741 1460 1812 1521 et
1876 1454 2266 1523 benedicens
2348 1456 2727 1533 Dominum,
2785 1440 2794 1447 ’

627 1560 961 1628 lucernam
1004 1580 1340 1627 accensam
1380 1559 1532 1624 *sub
1594 1557 1815 1623 modio
1880 1579 2016 1623 non
2076 1557 2300 1643 posuit
2359 1558 2474 1624 sed
2536 1579 2732 1643 super
2758 1560 2811 1613 S·
2839 1561 2991 1614 Matt.
3013 1578 3063 1612 v.

629 1664 1110 1742 mdehbm,
1157 1662 1232 1727 in
1276 1660 1619 1728 audientia
1679 1659 1835 1727 cleri
1880 1664 1951 1725 et
1993 1660 2200 1725 totius
2263 1659 2506 1745 populi,
2554 1659 2730 1745 quod
2757 1632 2836 1681 ¹⁵⁰

630 1766 692 1831 ei
767 1765 1094 1837 acciderat
1168 1762 1462 1830 seriatim
1537 1761 1735 1826 duxit
1828 1760 2305 1847 exponendum.
2418 1759 2729 1845 Dumque

629 1867 941 1953 temporis
1016 1888 1265 1933 moram
1329 1864 1604 1941 fecisset,
1668 1863 1743 1927 in
1804 1862 2074 1929 ecclesia
2134 1862 2353 1929 Deum
2421 1867 2490 1928 et
2556 1862 2728 1929 Con-

630 1968 936 2034 fessorem
1000 1970 1083 2034 de
1145 1967 1463 2055 sospitate
1527 1966 1806 2032 laudans
1867 1970 2188 2051 percepta,
2250 1965 2519 2032 tandem
2579 1960 2730 2032 cum

629 2071 1001 2157 gratiarum
1048 2070 1306 2140 actione
1350 2090 1650 2136 reversus
1694 2072 1797 2135 est
1840 2068 1928 2135 ad
1971 2068 2252 2154 propria.

768 2300 1143 2387 [Quomodo
1186 2300 1616 2368 Reverloaeum
1657 2299 1743 2366 ab
1786 2298 2218 2383 vnvasombus
2259 2299 2570 2368 minume

630 2415 634 2421 ’
1474 2402 1898 2488 servaram-‚J

721 2550 1035 2620 Cessante
1094 2551 1451 2618 universali
1497 2549 1893 2629 interclictO,1
1939 2551 2046 2617 cui
2090 2572 2208 2638 per
2249 2550 2520 2638 longum
2566 2558 2733 2617 tem·
2760 2571 2871 2622 The
2891 2570 2994 2621 ‹lis-

626 2679 755 2756 pus
829 2659 1162 2745 subjacuit
1233 2658 1604 2744 Anglicana
1683 2656 1879 2744 regi0,
1944 2656 2193 2722 factum
2257 2662 2358 2723 est
2419 2662 2499 2722 ut
2559 2658 2736 2723 inter
2757 2637 3010 2755 {3223

628 2783 846 2848 regem
896 2766 966 2828 et
1014 2761 1201 2849 regni
1246 2765 1587 2848 magnates
1629 2759 1854 2847 gravis
1898 2764 1969 2825 et
2014 2759 2395 2826 insedabilis
2453 2760 2736 2827 oriretur
2759 2770 2902 2822 John
2923 2771 3026 2820 and

628 2864 960 2931 dissensio.
1054 2864 1399 2952 Magnetes
1463 2862 1639 2929 enim
1707 2884 1827 2950 pro
1894 2862 2128 2949 majori
2194 2868 2381 2951 parte
2452 2884 2495 2930 a
2554 2864 2737 2951 regia
2759 2837 2849 2889 ²¹¹⁰
2869 2837 3071 2887 barone.

628 2968 984 3055 exigebant
1050 2967 1397 3053 majestate
1459 2967 1799 3032 libertates
1868 2965 2183 3051 quasdam
2251 2972 2321 3032 et
2372 2966 2734 3054 privilegia,

628 3068 755 3133 sibi
827 3070 933 3156 (ut
994 3069 1397 3152 asserebant)
1464 3068 1690 3134 debita
1756 3089 1840 3133 ex
1903 3068 2181 3153 antiqua
2247 3073 2316 3133 et
2373 3070 2738 3155 approbata

626 3171 814 3258 regni
860 3170 1349 3237 consuetudine.
1443 3168 1583 3254 Ipsi
1628 3174 2123 3254 perseveranter
2165 3191 2302 3235 suae
2347 3170 2738 3236 institerunt

627 3271 1000 3350 exactioni3
1044 3270 1160 3336 sed
1205 3291 1314 3335 eos
1343 3269 1656 3334 exaudire
1684 3268 1883 3354 regiae
1913 3288 2048 3332 non
2091 3268 2343 3353 placuit
2386 3270 2734 3355 majestati.

627 3370 1068 3437 Rationabilis
1155 3369 1364 3456 igitur
1431 3368 1912 3455 postulationis,
1976 3368 2148 3433 sicut
2208 3368 2305 3434 eis
2365 3363 2733 3449 videbatur,

627 3471 968 3536 multoties
1012 3467 1534 3536 irrationabilem
1578 3468 1867 3556 perpessi
1912 3468 2256 3554 repulsam,
2287 3491 2537 3536 novum
2581 3491 2732 3537 con-

628 3572 852 3637 silium
898 3572 1236 3638 duxerunt
1286 3570 1729 3658 cogitandum.
1823 3569 2306 3654 Convenientes
2353 3594 2521 3660 erg0,
2568 3594 2733 3638 una-
2756 3581 2810 3633 A
2823 3582 3070 3635 rebellion

627 3675 898 3740 nimiter
936 3693 951 3702 ‘
983 3673 1510 3759 conjuraverunt,
1585 3676 1666 3737 ut
1738 3674 2135 3759 impeterent
2226 3696 2461 3760 regem,
2539 3697 2734 3761 quem
2755 3648 2990 3767 {aelffini-

629 3799 766 3843 suae
826 3776 1157 3843 exactioni
1221 3776 1418 3841 toties
1485 3775 1787 3841 constitit
1853 3797 1922 3840 se
1967 3775 2346 3842 exhibuisse
2387 3778 2734 3845 rebellem:

628 3900 671 3945 a
714 3878 1034 3944 fidelitate
1103 3883 1343 3955 tamen,
1391 3873 1595 3963 quam'
1651 3877 1791 3964 regi
1859 3877 1983 3942 sub
2040 3877 2419 3963 juramento
2479 3882 2734 3967 praesti-

627 3985 865 4058 terant,
911 4003 981 4046 se
1025 3981 1100 4044 in
1143 3979 1352 4065 ipsius
1414 3979 1767 4065 praesentia
1814 3979 1996 4065 prius
2048 3979 2478 4061 absolverent,
2533 4004 2731 4068 quam

626 4086 858 4148 contra
902 4102 1053 4147 eum
1098 4101 1283 4146 arma
1324 4079 1630 4146 bellando
1657 4084 2010 4168 gestarent.
2104 4079 2275 4147 Cum
2319 4082 2527 4170 igitur
2556 4085 2736 4152 dicta

627 4184 996 4271 conjuratio
1056 4183 1230 4271 regis
1310 4183 1710 4249 innotuisset
1783 4182 2158 4262 audientiae,
2220 4205 2369 4251 cum
2430 4187 2566 4252 suis
2619 4188 2730 4253 de-

627 4285 939 4350 liberavit
1017 4283 1405 4363 domesticis,
1471 4304 1757 4370 quanam
1819 4288 2041 4369 posset
2101 4285 2431 4352 industria
2507 4309 2732 4353 eorum

628 4386 884 4470 viribus
913 4384 1227 4451 resistere.
1318 4384 1612 4451 Tandem
1656 4384 1947 4471 maligno
1992 4405 2259 4451 suorum
2310 4386 2736 4455 familiarium

628 4486 1043 4573 acquiescens
1066 4485 1376 4577 ,consilia
1421 4486 1691 4552 nuntios
1734 4485 1810 4550 in
1853 4490 2071 4572 partes
2116 4487 2480 4554 destinavit
2523 4495 2736 4557 trans·-

2321 4650 2728 4661 ——Q-q-

1233 4732 1250 4766 ¹
1284 4730 1939 4785 minterdietendedin
1967 4737 2110 4786 1218.
2215 4759 2225 4772 x

2420 4834 2470 4883 Y
