3600 5800
862 885 949 948 42
1204 902 1211 907 ·
1470 898 1637 948 vrrs
1678 898 2003 949 w1Lrn1n1
2051 900 2352 979 amseom

865 1090 897 1115 “
946 1082 1326 1149 Brittannia
1394 1082 1612 1148 insula
1685 1082 1920 1149 directi
1996 1082 2374 1169 Apostolico
2448 1089 2669 1149 vestro
2744 1087 2959 1170 ponti-

863 1192 897 1217 “
941 1185 1166 1250 fieatui
1214 1184 1609 1262 detulerunt,
1656 1191 1796 1249 tam
1843 1207 1920 1249 ea
1966 1206 2114 1270 quae
2136 1183 2154 1220 ¹
2204 1207 2288 1249 ex
2333 1207 2610 1277 persona
2639 1186 2962 1253 Theodori

864 1292 897 1318 “
940 1286 1451 1352 reverentissimi
1496 1285 1983 1372 archiepiscopi,
2031 1285 2189 1350 illuc
2240 1287 2327 1351 ab
2371 1287 2753 1373 Apostolica
2811 1274 2962 1354 sede

863 1394 897 1419 “
941 1386 1099 1451 olim
1163 1387 1411 1464 directi,
1473 1386 1672 1452 missa
1746 1392 1921 1463 sunt,
1981 1385 2345 1467 aliorumve
2361 1386 2387 1425 ⁹·
2477 1409 2626 1454 cum
2719 1389 2962 1454 eisdem

865 1496 899 1520 “
944 1488 1205 1574 scriptis
1279 1486 1673 1565 relationes,3
1759 1488 2075 1554 adversus
2165 1488 2493 1572 quendam
2586 1490 2961 1576 episcopum

868 1598 901 1622 “
946 1588 1551 1676 Subterfugientem,
1627 1595 1702 1653 ut
1793 1593 2115 1665 asserunt,
2191 1610 2385 1673 quem
2477 1589 2608 1656 huc
2705 1592 2962 1657 venisse

862 1700 897 1724 “
940 1691 1245 1756 arbitrati
1312 1696 1503 1770 sunt;
1564 1711 1890 1775 quamque
1959 1711 2038 1755 ea
2104 1711 2252 1775 quae
2314 1712 2357 1756 a
2420 1690 2760 1757 Wilfritho
2822 1692 2964 1759 Deo

865 1803 896 1827 “
941 1793 1211 1859 amabili
1274 1793 1576 1879 episcopo
1639 1808 1883 1857 sanctae
1954 1791 2262 1857 Ebora-w
2287 1789 2315 1828 ⁴
2389 1792 2674 1861 ecclesiae
2742 1794 2964 1861 oblata

864 1903 896 1928 “
941 1900 1113 1972 sunt,
1161 1895 1277 1980 qui
1324 1894 1404 1960 de
1449 1915 1570 1959 sua
1627 1893 1779 1958 sede
1840 1894 2086 1978 ejectus
2137 1915 2186 1957 a
2244 1894 2722 1978 praenominato
2780 1916 2961 1963 sanc·

864 2007 896 2032 “
943 1996 1213 2074 tissimo‚
1246 1995 1692 2083 Apostolicam
1738 1994 1958 2059 sedem
2004 1994 2343 2081 appellans
2386 1995 2518 2062 huc
2564 2018 2771 2081 usque
2814 2020 2957 2083 per·

864 2112 896 2135 “
943 2100 1168 2165 venit:
1229 2099 1303 2163 in
1346 2098 1602 2185 quibus,
1672 2119 1824 2163 cum
1888 2096 2132 2162 multas
2185 2097 2581 2183 quaestiones
2627 2098 2958 2175 inferrent,

865 2211 896 2235 “
942 2222 1155 2286 neque
1218 2200 1577 2266 secundum
1599 2198 1625 2236 ⁵
1701 2204 2074 2263 sanctorum
2136 2218 2459 2262 canonum
2521 2198 2958 2264 subtilitatem

865 2313 897 2337 “
943 2303 1316 2369 convictum
1380 2324 1530 2367 eum
1576 2301 1658 2365 de
1703 2300 2036 2386 aliquibus
2079 2300 2491 2378 facinoribus
2525 2306 2594 2365 et
2637 2301 2785 2366 ideo
2828 2324 2963 2367 non

864 2414 897 2439 “
943 2405 1250 2487 canonice
1295 2404 1639 2489 dejectum,
1686 2401 2106 2488 repperimus,
2161 2422 2372 2486 neque
2433 2401 2747 2487 quaelibet
2805 2404 2959 2469 faci-

865 2514 900 2540 “
943 2527 1105 2572 nora
1133 2528 1283 2571 eum
1328 2511 1731 2591 perpetrasse
1779 2504 1972 2568 dictis
2017 2503 2298 2589 propriis
2355 2512 2761 2585 accusatores
2821 2505 2962 2589 ejus

866 2618 897 2642 ‘⁴
942 2608 1359 2693 comprobare
1402 2596 1773 2681 valuerunt,
1819 2626 1938 2691 pro
1983 2626 2262 2689 quorum
2307 2605 2578 2690 flagitiis
2622 2607 2963 2692 degradari

864 2718 895 2743 “
941 2709 1289 2774 debuisset.
1379 2706 1610 2771 Potius
1653 2711 1878 2771 autem
1909 2712 1978 2770 et
2021 2705 2407 2770 modestiam
2451 2706 2631 2771 hunc
2676 2708 2964 2772 tenuisse

867 2822 898 2847 “
945 2811 1424 2898 perpendimus
1474 2809 1649 2894 quod
1710 2830 1847 2873 non
1912 2808 2241 2873 seditiosis
2308 2808 2701 2893 quibusdam
2746 2810 2962 2876 decer-

869 2925 899 2951 “
946 2915 1311 2981 tationibus
1355 2913 1642 3000 seipsum
1688 2911 2033 2997 implicuit.
2127 2912 2259 2977 Sed
2302 2912 2686 2999 priusquam
2717 2913 2800 2978 de
2845 2936 2965 2979 sua

868 3027 901 3052 “
946 3018 1097 3086 sede
1143 3016 1443 3104 repulsus
1488 3019 1603 3093 est,
1650 3014 2046 3100 coepiscopis
2091 3014 2227 3078 suis
2272 3013 2430 3080 facti
2491 3015 2799 3080 meritum
2861 3016 2962 3080 in-

868 3129 899 3154 “
944 3125 1300 3196 notescenS,
1362 3121 1760 3183 memoratus
1820 3115 1962 3181 Deo
2023 3115 2326 3182 amabilis
2386 3115 2765 3182 Wilfrithus
2825 3118 2961 3203 epi-

870 3230 909 3274 “.
950 3242 1181 3307 scopus
1244 3219 1483 3285 exinde
1528 3219 1615 3283 ad
1673 3217 1848 3284 hanc
1892 3217 2337 3303 Apostolicam
2385 3217 2603 3282 sedem
2663 3218 2960 3295 accurrit,

866 3333 897 3356 ‘⁸
944 3323 1016 3387 in
1061 3344 1193 3408 qua
1259 3320 1498 3385 summi
1561 3319 1907 3385 sacerdotii
1969 3317 2411 3405 principatum
2458 3318 2783 3396 fundavit,
2833 3319 2961 3400 Qui

863 3434 898 3458 “
945 3425 1078 3489 Suo
1154 3423 1473 3509 sanguine
1547 3427 1841 3487 sanctam
1933 3419 2286 3485 Ecclesiam
2361 3420 2656 3497 redemit,
2736 3420 2962 3486 Omni-

862 3534 897 3560 “
939 3531 1171 3613 potens
1231 3524 1536 3590 Christus
1602 3522 1942 3598 Dominus
2013 3527 2082 3586 et
2141 3522 2456 3608 principis
2500 3522 2964 3609 Apostolorum

866 3637 897 3662 “
942 3627 1406 3695 auctoritatem
1454 3620 1780 3690 'firmavit
1873 3624 2093 3689 Vestri
2170 3624 2455 3716 denique
2530 3625 2962 3712 Apostolatus

867 3738 902 3766 “
945 3729 1327 3796 auctoritati
1372 3749 1747 3795 concessum
1792 3732 1910 3805 est,
1957 3726 2120 3812 quid
2164 3726 2236 3790 in
2280 3726 2406 3794 hoc
2450 3727 2751 3796 ordinare
2796 3749 2959 3814 prae-

822 3875 831 3884 2
866 3843 899 3868 “
945 3830 1258 3919 cipiatis.”

390 3985 399 3992 .
460 3909 467 3916 .
526 3959 640 4011 The
663 3974 797 4024 pope
951 3936 1216 4023 Agatho
1292 3934 1756 4010 sanctissimus,
1820 3954 1898 3998 ac
1972 3937 2074 3995 ter
2148 3930 2564 3997 beatissimus
2625 3932 2964 4019 episcopus

525 4042 787 4144 ffifsffl
868 4045 1113 4104 sanctae
1160 4036 1445 4103 ecclesiae
1507 4035 1846 4101 catholicae
1869 4033 1895 4071 ⁶
1957 4033 2138 4097 urbis
2186 4034 2429 4109 Romae,
2477 4034 2686 4098 dixit:
2750 4045 2780 4067 “
2802 4034 2965 4098 Wil-

524 4157 633 4208 into
655 4158 737 4208 his
865 4151 897 4176 “
942 4140 1186 4205 frithus
1261 4139 1403 4203 Deo
1478 4135 1780 4201 amabilis
1848 4135 2187 4221 episcopus
2262 4140 2505 4201 sanctae
2583 4135 2917 4203 Eboraicae
2941 4134 2966 4175 ⁷

525 4240 783 4291 presence.

930 4414 945 4446 ¹
982 4430 1041 4464 ea
1064 4412 1198 4478 quae]
1231 4426 1422 4470 eorum,
1445 4408 1515 4459 A.
1955 4406 2259 4466 insererent,
2296 4421 2362 4457 ne
2403 4405 2514 4469 quis
2552 4399 2844 4458 sanctorum
2883 4423 2967 4458 ca-

927 4492 949 4525 2
985 4493 1066 4558 ve]
1102 4507 1241 4551 vero,
1263 4492 1333 4541 A.
1961 4503 2152 4536 nonum
2175 4485 2454 4536 subtilitate
2476 4486 2822 4547 convinctum,
2845 4489 2912 4538 A.

929 4575 950 4604 ⁶
982 4570 1274 4636 relationes]
1316 4570 1448 4620 from
1483 4568 1588 4630 A.;
1620 4567 1709 4618 the
1749 4565 1866 4618 MS.
2021 4566 2043 4600 θ
2076 4563 2352 4631 catholica]
2438 4574 2590 4631 atque
2636 4565 2965 4630 Apostolicae‚

862 4652 957 4704 has
978 4654 1009 4680 ‘⁴
1028 4648 1408 4701 relationibus?
1955 4649 2046 4697 im.
2075 4647 2141 4697 A.
2163 4637 2176 4654 x

927 4730 947 4764 ⁴
982 4727 1254 4794 Ebot-acce]
1284 4728 1549 4791 Euroycae,
1573 4728 1639 4777 A.
2022 4725 2044 4764 7
2075 4725 2370 4793 Eboraicae]
2401 4725 2648 4788 Euroicae,
2676 4726 2739 4777 A.

927 4809 948 4842 ³
981 4809 1237 4884 inferrent,
1258 4823 1414 4872 neque
1437 4806 1717 4869 secundum,
1740 4804 1856 4871 ela]
