3600 5800
349 1094 594 1156 Eadmer,

352 1174 467 1223 cap.
491 1161 664 1213 xxxvi.

370 2799 510 2851 Ibid.
532 2816 636 2878 cap.

372 2882 577 2919 xxxm-

1400 898 1726 947 WILFRIDI
1773 897 2090 947 Emscorr.
2665 882 2794 946 233

694 1086 983 1151 oratione
1047 1106 1116 1149 se
1178 1085 1550 1170 prosternit,
1597 1106 1639 1150 a
1683 1106 1816 1168 qua
1877 1105 2146 1170 surgens
2191 1108 2403 1162 aquam
2449 1082 2790 1157 benedicit,

690 1195 1056 1251 benedictam
1091 1212 1271 1265 super
1306 1186 1599 1251 membra
1633 1186 2028 1253 infirmantis
2058 1184 2360 1271 aspergit.
2453 1184 2628 1248 Mira
2655 1189 2793 1248 res!

698 1291 856 1355 Mox
902 1294 980 1354 ut
1025 1289 1324 1354 invalida
1366 1290 1658 1355 membra
1700 1311 1875 1375 aqua
1916 1294 2299 1376 tanguntur,
2346 1286 2581 1351 mulier
2611 1309 2789 1353 recu-

698 1397 930 1475 perata
992 1391 1274 1455 sanitate
1339 1391 1409 1454 in
1454 1391 1649 1476 pedes
1693 1392 1984 1478 erigitur,
2030 1391 2206 1456 unde
2270 1395 2339 1455 et
2380 1394 2597 1475 grates
2649 1388 2791 1454 Deo

697 1514 738 1557 a
798 1492 1050 1579 cunctis
1095 1493 1208 1577 qui
1271 1492 1545 1559 aderant
1595 1494 2069 1579 persolvuntur.
2162 1491 2509 1556 wilfi-idus
2568 1497 2790 1557 autem

697 1592 794 1657 nil
845 1594 980 1658 suis
1039 1594 1291 1659 meritis
1336 1595 1647 1672 tribuens
1697 1603 1917 1682 spreta
1976 1595 2170 1661 laude
2229 1592 2588 1669 hominum,
2642 1593 2792 1660 ilico

691 1697 998 1781 repetivit
1028 1697 1132 1761 sui
1177 1698 1447 1763 carceris
1494 1697 1776 1774 domum,
1811 1697 2078 1764 credens
2109 1718 2176 1760 se
2222 1693 2476 1758 meliori
2520 1694 2591 1755 in
2636 1694 2794 1778 ipsis

691 1798 974 1862 tenebris
1018 1798 1163 1862 luce
1201 1798 1573 1862 fruiturum.
1667 1798 1790 1860 Vir
1821 1817 1974 1880 ergo
2019 1793 2311 1859 mulieris
2357 1798 2603 1858 sanatae
2648 1798 2794 1858 tan-

691 1905 828 1964 tam
874 1900 948 1962 in
992 1920 1179 1963 servo
1224 1898 1353 1961 Dei
1397 1898 1671 1961 virtutis
1716 1895 2067 1961 efficaciam
2098 1895 2345 1970 videns,
2383 1915 2797 1979 nequaquam

693 2000 968 2062 ulterius
998 1999 1071 2061 in
1119 2018 1239 2061 sua
1268 1997 1565 2061 custodia
1608 2018 1758 2061 eum
1789 2017 2019 2081 passus
2048 2001 2149 2061 est
2181 1995 2474 2059 detineri.
2553 1995 2796 2076 Quam-
2826 2006 3030 2059 Wilffid
3053 2011 3095 2059 is

697 2099 920 2163 obrem
965 2099 1148 2163 adito
1197 2118 1362 2182 rege,
1396 2096 1555 2160 dum
1602 2095 1935 2174 Sanctum,
1986 2103 2065 2162 ut
2112 2097 2432 2183 cupiebat,
2465 2097 2798 2164 absolvere
2825 2077 3118 2193 {gnssggffler

695 2200 942 2284 nequit,
1008 2199 1263 2283 abjecto
1331 2198 1625 2283 pristinae
1689 2199 2028 2265 servitutis
2073 2198 2296 2277 offici0,
2344 2198 2531 2263 illum
2594 2222 2715 2266 nec
2758 2223 2801 2267 a
2828 2204 3017 2269 prison.

701 2324 767 2366 se
804 2321 924 2366 nec
953 2321 995 2365 a
1026 2299 1162 2363 suis
1194 2299 1446 2364 diutius
1475 2300 1738 2387 fatigari
1769 2301 2108 2367 consensit.
2176 2301 2433 2366 Ductus
2464 2306 2565 2366 est
2593 2301 2800 2387 igitur

701 2403 854 2466 inde
903 2401 1148 2466 Beatus
1177 2400 1537 2479 wilfi-idus,
1576 2407 1772 2487 atque
1820 2402 1893 2466 in
1936 2403 2133 2469 aliam
2179 2402 2541 2469 custodiam
2587 2403 2799 2470 multo

707 2502 1181 2567 horribiliorem
1218 2502 1534 2567 detrusus.
1629 2503 1711 2567 In
1756 2525 1889 2588 qua
1932 2504 2091 2568 dum
2135 2505 2275 2569 sine
2322 2504 2501 2569 omni
2545 2504 2796 2570 miseri-

704 2602 921 2668 cordia
992 2603 1444 2681 custodiretur,
1510 2604 1787 2690 contigit
1862 2610 1940 2668 ut
2015 2604 2297 2690 quadam
2374 2605 2479 2670 die
2542 2628 2661 2671 rex
2728 2614 2797 2673 et

705 2703 1163 2790 Ermenburgis
1231 2725 1348 2789 per
1422 2724 1681 2790 campos
1748 2705 1881 2771 late
1957 2712 2272 2793 vagantes
2347 2708 2795 2777 immoderatae
2823 2725 2932 2776 The
2954 2741 3116 2791 queen

699 2812 917 2869 laetitiae
961 2812 1144 2868 fraena
1190 2813 1470 2869 laxarent.
1549 2797 1862 2893 'Cumque
1908 2810 2052 2895 ipsa
2081 2810 2385 2876 muliebri
2416 2812 2688 2879 lascivia
2733 2829 2795 2879 et
2821 2791 3056 2909 ξῗὲἶωθ

695 2911 944 2967 feminea
996 2913 1340 2984 garrulitate
1403 2907 1545 2973 viro
1609 2909 1735 2975 Dei
1795 2912 2160 2991 insultaret,
2215 2914 2434 2981 subito
2497 2920 2794 3004 correpta

693 3025 734 3070 a
769 3005 1062 3070 daemone
1095 3006 1298 3091 coepit
1327 3009 1513 3092 quasi
1546 3008 1705 3096 lupa
1733 3014 2068 3081 insaniens
2099 3016 2368 3084 ululare.
2462 3019 2797 3086 Turbatur
2822 3021 3032 3076 wilfrid

695 3128 810 3172 rex
854 3128 1002 3172 cum
1048 3108 1412 3188 comitibus
1461 3117 1528 3176 et
1579 3114 1849 3180 tandem
1902 3118 2150 3184 credito
2196 3142 2463 3186 suorum
2509 3124 2796 3200 consili0,
2823 3104 2969 3140 eures
2991 3092 3099 3154 her,

695 3207 782 3271 ad
825 3207 1278 3272 liberationem
1341 3210 1636 3296 conjugis
1687 3213 2014 3281 adductus
2060 3223 2161 3281 est
2201 3224 2389 3303 pater
2432 3220 2795 3287 Wilffidus.

694 3305 826 3385 Qui
869 3307 1087 3372 noluit
1131 3308 1369 3373 merita
1427 3331 1652 3373 eorum
1697 3314 2142 3394 considerare;
2201 3319 2331 3394 sed,
2376 3318 2606 3403 fugato
2652 3343 2798 3405 pro-

695 3407 877 3469 tinus
908 3407 1218 3482 daemone,
1250 3408 1425 3472 bona
1454 3430 1572 3494 pro
1615 3411 1808 3476 malis
1853 3414 2113 3480 studuit
2158 3416 2252 3482 eis
2296 3437 2796 3505 recompensare.

703 3504 899 3568 Unde
944 3527 1062 3570 rex
1107 3506 1582 3593 aliquantisper
1624 3511 1697 3574 in
1749 3512 1930 3579 illius
1974 3517 2396 3583 veneratione
2456 3520 2797 3600 adductuS,

700 3604 939 3669 annuit
968 3610 1047 3668 ut
1076 3626 1117 3670 a
1147 3607 1445 3699 custodia
1489 3609 1654 3675 liber
1683 3612 1812 3677 iret
1842 3635 1971 3698 quo
2004 3615 2239 3696 vellet3
2283 3640 2362 3684 ea
2392 3625 2615 3687 tamen
2645 3644 2795 3690 con-
2822 3630 2924 3682 and
2945 3629 2991 3680 is
3020 3639 3133 3682 sent

699 3705 964 3782 ditione,
995 3713 1075 3769 ut
1117 3707 1190 3770 in
1234 3712 1411 3775 terra
1454 3711 1556 3774 sui
1592 3712 1766 3798 juris
1812 3714 1995 3781 nullo
2041 3719 2232 3784 modo
2278 3722 2674 3791 subsisteret.
2821 3703 2911 3811 ἓξ*
2935 3695 3096 3812 <astho

789 3806 1101 3891 Egressus
1177 3809 1417 3894 itaque,
1495 3833 1625 3897 quo
1699 3836 1995 3900 gressum
2069 3819 2360 3888 flecteret
2432 3826 2793 3911 ignorabat.
2877 3778 2947 3828 ng
2981 3779 3079 3814 om.

698 3906 1146 3973 Veruntamen
1194 3932 1448 3996 semper
1476 3912 1643 3979 illud
1692 3915 1935 3982 Psalmi
1980 3941 2117 4005 prae
2147 3943 2215 3988 se
2247 3923 2547 4004 habebat,
2581 3937 2613 3963 “
2635 3929 2798 3997 Non
2820 3943 3129 3997 PsaLix.11.

701 4018 734 4044 “
779 4009 1191 4097 derelinquis
1235 4022 1593 4098 qum-entes
1652 4025 1724 4095 te,
1772 4020 2112 4089 Domivwl'
2227 4025 2443 4107 Quare
2508 4052 2795 4115 quocun-

698 4133 824 4197 que
856 4111 1215 4196 Dominum
1261 4118 1612 4200 quaerendo
1658 4142 1796 4187 sese
1828 4131 2252 4205 converteret,
2285 4133 2590 4215 sperabat
2621 4137 2795 4219 quod

699 4517 870 4583 fame
918 4519 1101 4584 verbi
1162 4521 1303 4600 Dei,
1359 4524 1474 4589 sed
1534 4532 1602 4590 et
1661 4527 1834 4594 fame
1896 4534 2180 4618 corporis
2240 4537 2507 4606 invenit
2561 4544 2793 4612 misere

695 4620 1079 4737 laborantes.
1103 4726 1117 4739 .
1203 4624 1380 4690 Nam
1442 4633 1511 4692 et
1556 4629 1865 4745 ’siccitate
1925 4636 2117 4701 aeris·
2156 4639 2350 4707 tellus
2402 4655 2677 4725 aruerat,
2726 4657 2794 4717 et

694 4744 914 4789 vicma
957 4746 1165 4791 mana
1205 4749 1297 4792 e1s
1343 4749 1460 4813 pro
1505 4738 1902 4816 plscatorum
1949 4737 2171 4824 inopia
2215 4746 2469 4831 copiam
2513 4750 2790 4835 piscium
