3600 5800
562 1088 776 1205 Wsilfrid

762 1171 841 1205 sa

562 1222 691 1271 dead
714 1222 853 1271 child

562 1296 616 1336 to
641 1288 730 1337 life
754 1296 807 1338 at

561 1353 805 1404 Onitdda-

562 1420 716 1470 nufri

558 3843 712 3893 Mark
735 3844 803 3895 ix.

2405 596 2425 637 Ι

901 868 984 931 28
1509 880 1676 931 vru
1718 878 2045 993 wanno}
2091 878 2394 929 msoom

899 1065 1028 1132 Dei
1093 1066 1312 1132 varias
1379 1066 1665 1131 virtutes
1726 1086 1846 1152 per
1912 1065 2131 1131 Deum
2198 1065 2427 1131 fecisse
2488 1064 2785 1151 legimus,
2831 1065 3004 1130 sicut

900 1168 1130 1234 Helias
1173 1172 1275 1232 et
1287 1166 1633 1246 Helisaeus,
1679 1167 1857 1234 servi
1901 1167 2046 1245 Dei,
2095 1168 2445 1252 [mortuos]
2476 1166 3002 1243 suscitaverunt3

897 1271 999 1337 ita
1039 1277 1110 1337 et
1152 1271 1457 1358 Apostoli
1502 1271 1773 1350 Christi,
1835 1271 2138 1358 magistri
2197 1270 2575 1358 exemplum
2636 1276 3000 1385 sequente&

896 1368 1257 1439 secundum
1301 1373 1696 1460 promissum
1742 1372 1924 1460 Ejus,
1968 1394 2192 1439 omnes
2237 1372 2456 1439 varios
2522 1373 2868 1460 languores
2925 1372 3000 1437 in

895 1476 1163 1541 nomine
1209 1474 1370 1562 Ejus
1416 1476 1856 1563 depulerunt;
1916 1480 1986 1541 et
2028 1496 2210 1542 nuno
2250 1476 2479 1543 eodem
2523 1476 2719 1543 modo
2762 1497 2805 1542 a
2834 1476 2998 1541 sub·

895 1577 1302 1644 secutoribus
1344 1578 1626 1656 illorum,
1672 1600 1710 1643 e
1754 1578 1996 1665 quibus
2040 1600 2215 1644 unus
2259 1585 2361 1645 est
2403 1583 2672 1646 sanctus
2700 1577 3002 1665 pontifex

896 1685 1133 1758 noster,
1201 1679 1288 1745 ad
1355 1680 1482 1746 Dei
1525 1680 1804 1767 gloriam
1869 1680 2260 1747 infirmitate
2304 1681 2619 1767 prostrati
2663 1685 2996 1747 sanantur.

897 1780 1074 1846 Nam
1138 1781 1424 1866 quadam
1491 1782 1599 1848 die
1661 1781 1908 1851 Sancto
1949 1782 2290 1851 Wilfritho
2342 1783 2700 1868 equitante,
2746 1788 2816 1848 et
2857 1780 3001 1868 per-
3075 1780 3084 1785 ”

890 1890 1093 1971 gente
1135 1885 1223 1951 ad
1268 1885 1461 1981 valia
1498 1883 1713 1950 officia
1741 1886 2155 1972 episcopatus
2185 1886 2308 1964 sui,
2339 1885 2721 1972 baptizandi
2753 1886 2998 1970 utique,

897 1993 966 2052 et
1009 2008 1159 2054 eum
1205 2008 1442 2054 manus
1485 1987 1907 2074 impositione
1966 1989 2398 2055 confirmandi
2457 1988 2768 2075 populos3
2828 1988 3004 2053 inter

896 2110 1059 2174 quos
1091 2090 1393 2174 quaedam
1424 2089 1661 2155 mulier
1703 2089 1779 2155 in
1808 2090 1971 2156 villa
2014 2112 2162 2175 quae
2207 2080 2451 2157 'dieitur
2482 2089 2955 2156 Ontiddanufri
2977 2088 3001 2126 ¹

896 2192 1175 2259 inventa
1235 2198 1352 2270 est,
1413 2214 1638 2260 amaro
1698 2194 1922 2260 animo
1982 2216 2328 2261 susurrans
2373 2215 2652 2260 moerore
2696 2199 2768 2259 et
2809 2214 3001 2258 onere

895 2297 1189 2382 fatigata.
1283 2296 1555 2362 Habens
1618 2297 1796 2362 enim
1862 2297 2184 2363 infantem
2251 2297 2764 2384 primogenitum
2807 2318 3002 2362 suum

897 2403 1249 2476 mortuum,
1294 2399 1420 2462 sub
1449 2398 1616 2475 sinu,
1662 2399 1903 2485 pannis
1946 2399 2343 2477 involutum,
2388 2400 2782 2477 latitantem,
2815 2398 3001 2483 cujus

897 2498 1233 2564 cadaveris
1295 2500 1541 2566 mortui
1587 2500 1820 2567 faeiem
1886 2500 2061 2567 inter
2126 2501 2292 2567 alios
2334 2501 2422 2568 ad
2486 2500 3001 2568 confirmandam

898 2600 1199 2687 episcopo
1243 2600 1543 2679 revolvit,
1591 2602 1820 2668 volens
1866 2602 1960 2668 sic
2002 2624 2192 2689 posse
2234 2602 2590 2670 vivificare.
2682 2602 2805 2668 Ille
2843 2623 3005 2667 vero

897 2708 1163 2768 sanctus
1209 2703 1549 2790 episcopus
1593 2709 1831 2780 noster,
1880 2703 2109 2769 statim
2156 2710 2235 2769 ut
2278 2726 2434 2770 vere
2476 2710 2812 2770 mortuum
2862 2724 3000 2769 esse

896 2806 1244 2885 intellexit,
1334 2807 1824 2892 aliquantulum
1892 2812 2118 2874 tamen
2184 2815 2478 2875 moratus
2545 2806 2707 2894 quid
2782 2808 2863 2872 de
2927 2828 3003 2872 eo

896 2914 1067 2974 esset
1109 2910 1453 2996 agendum.
1470 2923 1491 2934 ’
1546 2910 1642 2974 At
1684 2909 1802 2976 illa
1845 2915 2059 2977 mater
2088 2931 2304 2978 coram
2329 2909 2357 2949 ²
2397 2910 2563 2977 facie
2591 2910 3002 2997 agnoscentis

895 3012 1133 3078 cecidit
1175 3013 1249 3077 in
1292 3019 1552 3091 terram,
1601 3014 1765 3079 flens
1810 3034 2049 3092 amare,
2095 3013 2439 3100 adjuravit
2495 3035 2646 3079 eum
2692 3014 3004 3079 audacter

897 3118 976 3178 ut
1018 3113 1092 3178 in
1134 3114 1403 3180 nomine
1447 3115 1719 3180 Domini
1764 3116 1892 3181 Dei
1937 3116 2043 3181 sui
2073 3137 2225 3182 cum
2254 3137 2377 3182 sua
2405 3116 2759 3182 sanctitate
2788 3116 3002 3180 filium

895 3236 1089 3278 suum
1134 3216 1496 3295 suscitaret,
1543 3222 1614 3282 et
1655 3217 2041 3304 baptizaret,
2088 3218 2170 3283 de
2214 3239 2452 3304 oreque
2516 3217 2723 3283 leonis
2769 3217 3000 3284 libera-

895 3322 1011 3382 ret.
1104 3317 1231 3384 His
1277 3325 1347 3385 et
1408 3319 1556 3385 aliis
1602 3320 1823 3386 verbis
1869 3320 2080 3407 magis
2143 3343 2222 3388 ao
2287 3320 2498 3406 magis
2542 3342 2678 3386 non
2723 3321 3005 3387 cessavit

893 3419 1199 3505 adjurare
1241 3443 1358 3506 per
1402 3442 1626 3487 omnes
1673 3422 2061 3488 sanctitates
2122 3421 2618 3509 episcoponm‚⁸
2678 3423 3000 3509 genuflec-

896 3527 1058 3599 tens,
1106 3528 1175 3587 et
1218 3524 1416 3610 pedes
1466 3526 1609 3611 ejus
1653 3524 2056 3612 amplectens
2109 3524 2561 3604 deosculavit?
2618 3525 3001 3612 lachrymis-

898 3648 1026 3712 que
1093 3627 1519 3695 amarissimis
1604 3629 1927 3718 irrigavit,
2019 3629 2282 3697 dicens:
2377 3637 2411 3665 “
2429 3627 2488 3695 Ο
2578 3630 3001 3706 sanctissime,

899 3737 933 3762 “
976 3728 1115 3795 noli
1181 3731 1379 3796 fidem
1442 3732 1692 3798 orbatae
1753 3733 2050 3798 mulieris
2112 3734 2518 3820 extinguere.
2629 3731 2762 3799 Sed
2833 3733 2999 3818 [inf]

899 3841 931 3867 “
975 3833 1437 3902 credulitatem
1478 3853 1701 3903 meam
1742 3835 2017 3921 adjwva,
2063 3836 2312 3902 suscita
2374 3858 2525 3903 eum
2591 3842 2662 3902 et
2723 3836 2998 3922 baptiza,

899 3944 935 3970 “
977 3936 1103 4002 tibi
1179 3936 1355 4004 enim
1420 3942 1490 4004 et
1554 3937 1698 4005 Deo
1743 3939 1934 4005 vivet
1995 3939 2068 4004 in
2112 3939 2367 4006 virtute
2436 3935 2703 4018 Christi,
2749 3961 2835 4005 ne
2879 3940 3024 4034 du-¹

900 4047 933 4074 “
977 4038 1201 4105 bites?

983 4140 1170 4208 Tune
1232 4139 1345 4206 ille
1410 4146 1678 4208 sanctus
1746 4141 2050 4228 pontifex
2072 4142 2099 4182 ⁶
2142 4143 2527 4210 indubitata
2569 4142 2819 4210 Christi
2864 4142 2996 4207 vir-

892 4248 1054 4325 tute,
1103 4251 1171 4311 et
1213 4245 1413 4311 fldem
1460 4247 1601 4334 ejus
1632 4248 1991 4315 secundum
2040 4247 2615 4336 ‘syrophoenissam
2659 4245 3000 4313 mulierem

2793 4399 2990 4410 —-——-—-—u-·

957 4474 974 4508 1
1049 4473 1423 4544 Ontiddanusri
1458 4480 1484 4545 ]
1588 4478 1897 4531 Tiddaneste
2060 4481 2082 4515 2
2114 4480 2472 4548 epm]
2502 4481 2746 4547 episcopi,
2769 4483 2837 4532 A.

890 4554 1450 4693 ἑῖξῗωεὶῗζζξνὲθίη
1460 4556 1896 4688 {uffingggff
2063 4601 2083 4632 ⁴
2116 4599 2443 4668 &mun
2472 4600 2878 4664 dematur»
2900 4603 2969 4652 Α·

891 4709 1082 4842 chzsss
1105 4712 1285 4779 begin,
1306 4713 1427 4765 hem
1457 4714 1607 4782 ’μὴ
1644 4715 1776 4786 *μ’
1813 4714 1898 4766 ¹²²⁰
2059 4713 2081 4747 ⁸
2108 4715 2368 4783 muse-v]
2396 4716 2493 4779 Vir»
2515 4717 2586 4768 Ac
