3600 5800
838 847 968 909 280
1357 862 1716 913 MmAcULA
1762 860 2005 912 smerl
2050 864 2411 927 JOHANMS,

837 1050 1044 1115 vertit
1087 1070 1215 1128 ora,
1264 1052 1380 1137 qui
1425 1052 1512 1117 ad
1579 1053 1814 1119 salutis
1877 1056 2020 1141 ejus
2082 1054 2613 1142 impetrationem
2675 1055 2946 1143 pietatis

836 1150 1055 1217 affecti
1102 1153 1448 1220 dulcedine
1493 1155 1899 1222 unanimiter
1958 1158 2255 1222 conversi
2302 1163 2475 1223 sunt.
2584 1157 2743 1224 Post
2784 1157 2943 1234 haec,

838 1254 1161 1319 subeunte
1236 1256 1466 1342 populi
1539 1279 1674 1323 non
1749 1259 2028 1324 minima
2108 1260 2555 1337 multitudine,
2631 1260 2946 1346 praefatus

837 1379 1014 1443 aeger
1047 1362 1126 1421 ‘se
1171 1356 1297 1423 sub
1341 1359 1578 1425 feretro
1639 1361 1712 1425 in
1756 1360 2061 1427 vehiculo
2114 1361 2320 1448 jussit
2364 1362 2618 1440 deferri,
2664 1367 2745 1426 ut
2788 1361 2945 1426 ulti-

501 1455 673 1572 Ὤὲνῠ
695 1455 798 1572 the}
840 1480 988 1523 mus
1033 1462 1358 1526 transiret.
1453 1460 1664 1542 Qu‘em
1710 1468 1791 1528 ut
1849 1463 2083 1530 umbra
2141 1464 2421 1550 capselli,
2468 1465 2542 1529 in
2584 1485 2718 1550 quo
2764 1485 2946 1529 sanc-

500 1539 590 1639 1⁸:110
613 1538 782 1639 eme
841 1567 989 1625 tum
1070 1583 1302 1647 eorpus
1392 1562 1739 1641 ferebatur,
1833 1564 2271 1642 obumbravit,
2345 1566 2550 1652 eoepit
2623 1564 2947 1650 paulatim

501 1655 619 1770 ξιξ
643 1670 714 1772 ‘1:¹2
736 1721 782 1772 is
841 1663 1306 1742 convalescere,
1353 1666 1551 1731 turba
1603 1666 1948 1731 hominum
1994 1667 2473 1744 circumstante,
2520 1671 2590 1732 et
2633 1678 2783 1732 cum
2829 1667 2945 1732 ad-

500 1757 671 1838 eurgd.
841 1765 1191 1830 miratione
1251 1766 1627 1852 aspiciente.
1719 1769 1863 1835 Nec
1905 1791 2102 1836 mora
2191 1770 2492 1851 Quidam,
2539 1766 2947 1855 apprehensa

830 1866 973 1951 jam
1037 1866 1551 1933 convalescentis
1613 1870 1774 1957 aegri
1841 1892 2061 1948 manu,
2108 1871 2242 1936 levi
2303 1871 2549 1936 ducatu
2592 1869 2782 1934 illum
2827 1891 2946 1955 per

838 1969 1128 2033 medium
1176 1969 1461 2035 ecclesiae
1523 1975 1593 2036 et
1652 1971 1853 2052 chori,
1909 1972 2152 2059 populo
2213 1977 2283 2039 et
2326 1971 2497 2038 clero
2542 1971 2900 2057 aspiciente
2921 1969 2947 2007 ¹

837 2070 1169 2148 refertum,
1238 2071 1326 2135 ad
1400 2071 1607 2137 altare
1681 2073 2044 2158 perduxit}³
2084 2074 2433 2160 gaudendo
2498 2095 2633 2139 non
2699 2073 2945 2137 medio-

839 2172 1050 2237 criter.
1127 2173 1413 2239 Miratur
1455 2172 1651 2239 homo
1696 2196 1930 2260 corpus
1982 2198 2178 2240 suum
2215 2177 2358 2262 jam
2402 2172 2651 2251 senile,⁸
2694 2179 2764 2240 et
2807 2175 2947 2240 lan-

499 2276 603 2393 ffis
630 2275 819 2393 thankfi
841 2275 1063 2361 guoris
1107 2275 1610 2361 longanimitate
1655 2282 2078 2362 prostratum,
2124 2277 2346 2342 subito
2390 2277 2636 2363 pedum
2680 2275 2947 2341 insolito

493 2358 694 2473 Joyffm
715 2359 783 2394 ³¹²
841 2376 1158 2462 regimine
1204 2377 1576 2453 sustentari,
1624 2381 1694 2443 et
1751 2379 1927 2464 regi:
1991 2383 2061 2443 et
2121 2378 2434 2463 quoniam
2486 2399 2573 2443 ex
2616 2378 2947 2463 insperato

840 2478 1194 2555 convaluit,
1260 2486 1329 2545 et
1389 2501 1571 2565 spem
1639 2480 1874 2545 salutis
1932 2480 2076 2565 jam
2145 2481 2505 2565 desperatae
2569 2480 2948 2565 promeruit,

838 2580 1057 2645 Deum
1115 2581 1188 2645 in
1235 2582 1539 2666 operibus
1602 2582 1829 2648 dilecti
1897 2582 2017 2647 Sui
2081 2582 2127 2647 J
2128 2582 2408 2647 ohannis
2474 2582 2833 2659 benedixit,
2882 2589 2951 2647 et

838 2682 1065 2767 quales
1110 2683 1334 2767 potuit
1377 2683 1622 2768 ubique
1645 2682 1673 2722 ⁴
1716 2683 1790 2748 in
1850 2685 2274 2750 restitutione
2336 2684 2686 2769 insperatae
2740 2683 2943 2768 sospi-

506 2899 747 2964 Apostol.
838 2789 1660 2966 ωῗιιὲἶείἰῖεῗῗὲίπθε,
1717 2886 2145 2976 Evangelista
2204 2887 2277 2952 in
2334 2886 2614 2953 Actibus
2659 2887 2942 2973 Aposto-

505 2968 708 3097 ssgf'ffi.
839 2988 1053 3053 lorum
1097 2989 1420 3056 referente
1466 2990 1660 3067 Luca,
1692 2990 1977 3074 qualiter
2020 3011 2138 3075 per
2164 2990 2434 3054 beatum
2476 2988 2943 3074 Apostolorum

502 3099 616 3150 The
637 3099 789 3150 mira-
840 3092 1201 3178 principem
1247 3093 1518 3157 Petrum
1563 3091 2044 3178 Hierosolymis
2087 3092 2173 3157 ab
2216 3096 2405 3156 utero
2450 3091 2680 3155 matris
2711 3089 2944 3157 claudo

505 3167 583 3217 ⁰¹⁰
597 3181 746 3284 ἔξω·
840 3194 1187 3259 Divinitas
1231 3195 1543 3259 restituta
1586 3193 1677 3257 sit
1719 3194 1986 3271 sanitas,
2024 3192 2201 3278 quod
2243 3192 2633 3258 miraeuium
2678 3192 2750 3255 in
2779 3190 2945 3272 faeie,

502 3248 632 3348 ‘'u-311
653 3301 769 3351 that
841 3296 1231 3362 universalis
1278 3296 1563 3362 eeclesiae
1606 3317 1727 3381 pro
1756 3294 2219 3382 magnitudine
2262 3293 2367 3359 sui
2412 3293 2903 3359 oe1eberrimum
2919 3292 2946 3332 ⁵

502 3366 816 3484 ἔζοῗιξῗζὲγ
840 3399 1254 3484 praedicatur.
1369 3397 1676 3462 Vidimus
1739 3402 1810 3461 et
1883 3417 2021 3473 nos,
2097 3396 2271 3461 circa
2334 3395 2478 3481 jam
2553 3395 2947 3461 senescentis

839 3500 1072 3564 mundi
1117 3505 1428 3584 tempora,
1491 3496 1841 3574 hominem,
1896 3518 2033 3561 non
2093 3503 2357 3562 tantum
2404 3497 2647 3582 pedum
2694 3504 2946 3562 susten-

840 3602 1090 3667 tamine
1112 3598 1139 3636 ⁶
1184 3606 1527 3677 carentem,
1575 3600 1691 3664 sed
1736 3605 1806 3664 et
1849 3599 2059 3664 totius
2104 3599 2395 3685 corporis
2438 3599 2752 3685 sospitate
2814 3599 2946 3664 fere

841 3704 1253 3780 destitutum,
1330 3703 1416 3768 ad
1491 3702 1842 3766 introitum
1861 3700 1887 3740 ⁷
1961 3707 2301 3787 portarum
2378 3702 2679 3779 ecelesiae,
2754 3701 2951 3768 solita

842 3807 969 3871 Dei
1016 3812 1352 3893 praeeunte
1414 3805 1875 3882 misericordia,
1937 3827 2055 3890 per
2117 3825 2548 3871 successorem
2601 3805 2946 3890 Apostolo-

843 3931 991 3974 rum
1038 3908 1165 3974 sibi
1211 3908 1524 3973 dilectum
1584 3907 1629 3972 J
1632 3906 1976 3984 ohannem,
2022 3928 2064 3972 a
2107 3905 2303 3992 longo
2365 3907 2435 3969 in
2483 3928 2613 3992 quo
2650 3906 2950 3992 jacuerat

843 4011 1196 4076 liberatum
1225 4010 1556 4096 languore.
1649 4008 1859 4095 Cujus
1887 4007 2199 4074 miraculi
2233 4008 2483 4074 famosa
2525 4007 2784 4092 notitia,
2814 4029 2950 4073 non

844 4100 1078 4177 solum·
1116 4112 1189 4176 in
1253 4111 1644 4177 Eboracensi
1706 4109 2064 4197 provincia,
2112 4131 2343 4175 verum
2404 4115 2474 4175 et
2517 4109 2787 4176 celebris
2833 4110 2948 4176 ha-

844 4215 1039 4280 betur
1084 4214 1156 4278 in
1203 4210 1743 4277 Hiberniensium
1783 4211 2020 4298 patria.

912 4464 929 4496 ¹
963 4464 1260 4528 aspiciente]
1289 4478 1389 4512 om.
1417 4461 1485 4511 A.
2011 4459 2033 4492 ⁸
2066 4461 2146 4511 sui
2188 4458 2570 4529 celeberrimum]
2611 4476 2704 4513 sua
2732 4463 2951 4527 celebre,

909 4538 933 4570 ²
955 4540 1222 4607 perduxit]
1251 4542 1544 4604 perduxere,
1565 4540 1635 4591 A.
1945 4539 2013 4589 A.

909 4618 933 4651 ⁸
951 4622 1065 4684 jam
1086 4617 1266 4684 senile]
1291 4619 1344 4669 in
1367 4634 1421 4669 se
1444 4617 1561 4682 vile,
1586 4619 1653 4669 A.
2010 4616 2031 4649 ⁶
2053 4618 2423 4685 sustentamine]
2448 4625 2863 4679 sustentamento,
2877 4618 2947 4670 A.

908 4699 930 4728 ⁴
965 4696 1167 4761 ubique]
1197 4696 1413 4761 utrique,
1437 4697 1504 4747 A.
2007 4693 2030 4731 ⁷
2061 4694 2135 4746 ad
2153 4697 2432 4788 intr-vitare]
2462 4697 2518 4746 in
2540 4696 2769 4758 introitu,
2793 4697 2861 4747 A.
