3600 5800
487 1310 576 1358 the
596 1309 773 1359 sailors

823 824 957 890 290
1371 837 1733 890 umam
1777 839 2022 891 emon
2067 839 2429 904 somnne,

819 1034 855 1062 “
897 1027 1213 1113 praefatus
1272 1032 1461 1114 pater
1519 1029 1767 1107 attulit,
1816 1029 2135 1117 disruptis
2181 1029 2379 1116 paulo
2423 1031 2579 1094 ante
2636 1031 2917 1113 tempes-

822 1138 856 1165 “
899 1135 1119 1197 tatum
1163 1130 1381 1197 furore
1426 1131 1665 1217 quibus
1710 1131 1999 1199 anchora
2041 1133 2538 1198 sustentabatur
2581 1128 2900 1196 funibus.'’

907 1233 1164 1300 Audita
1206 1234 1483 1300 visionis
1545 1236 1712 1301 serie
1749 1236 2252 1323 'obstupescunt
2309 1239 2571 1314 nautae3
2632 1239 2701 1299 et
2744 1234 2922 1298 ultra

486 1375 632 1425 when
653 1377 756 1426 the
821 1359 1020 1423 quam
1064 1337 1239 1405 credi
1298 1343 1519 1423 potest
1576 1338 1993 1416 admirantes,
2040 1339 2449 1405 sermonibus
2492 1338 2691 1403 fidem
2735 1336 2922 1403 adhi-

486 1441 627 1491 truth
651 1441 711 1492 of

485 1507 574 1558 the
593 1508 695 1559 tale
717 1508 763 1559 is

488 1574 677 1626 shewn.

488 2274 635 2339 They
656 2273 750 2325 sail

489 2340 571 2390 for
595 2341 740 2393 Scot-

489 2408 623 2468 land,
645 2410 747 2457 and

489 2474 610 2523 then
632 2488 712 2524 re·

488 2538 700 2604 turning

489 2605 658 2666 home,

819 1440 971 1505 bere
1024 1445 1471 1517 contemnunt,
1533 1441 1740 1507 donec
1798 1441 2310 1506 evidentissimae
2372 1437 2924 1506 manifestationis

820 1544 1065 1609 veritas
1107 1542 1561 1609 admirabilem
1604 1543 1738 1608 viri
1779 1543 2101 1609 visionem
2146 1543 2596 1622 confirmaret3
2655 1540 2925 1627 ipsaque

820 1665 923 1709 res
967 1665 1230 1710 omnem
1288 1666 1331 1710 a
1391 1644 1697 1711 cordibus
1761 1644 2172 1710 adstantium
2235 1641 2673 1709 dubitationis
2717 1641 2924 1706 nebu-

821 1746 955 1812 lam
1000 1747 1386 1812 eliminaret.
1497 1746 1754 1827 Quibus
1814 1747 2114 1834 cognitis
2175 1745 2508 1812 extolltmt
2567 1764 2725 1810 mox
2768 1763 2923 1809 eon-

822 1848 1046 1913 tinuas
1112 1849 1199 1914 ad
1260 1848 1476 1915 sidera
1535 1848 1806 1929 laudes;
1872 1848 2298 1934 omniumque
2367 1846 2700 1912 Salvatori
2761 1843 2924 1922 De0‚

801 1956 893 2021 ,et
911 1948 935 1988 ¹
979 1950 1328 2016 manifesto
1357 1949 1693 2016 liberatori
1738 1972 1858 2016 suo
1889 1950 1936 2015 J
1935 1949 2183 2016 ohanni
2226 1954 2446 2036 grates
2487 1970 2624 2014 non
2668 1953 2926 2014 cessant

825 2052 1076 2118 solvere
1149 2052 1561 2139 multiplices.
1676 2052 2070 2138 Praeparatis
2143 2053 2388 2118 iterum
2452 2051 2647 2116 navis
2715 2069 2926 2115 arma-

825 2155 1081 2233 mentis,
1151 2155 1419 2221 carbasa
1479 2154 1782 2230 tendunt,
1846 2161 1916 2220 et
1977 2156 2064 2220 ad
2125 2154 2256 2220 iter
2317 2154 2759 2240 interceptum
2781 2150 2808 2189 ²
2858 2173 2928 2216 se

826 2255 1070 2342 quique
1137 2254 1452 2322 succincti
1518 2260 1897 2342 praeparant
1916 2280 1931 2335 ;
1948 2252 1974 2295 ³
2036 2256 2257 2342 sicque
2318 2255 2559 2321 leniter
2602 2254 2928 2341 respiran-

825 2357 1005 2422 tibus
1023 2355 1052 2394 ⁴
1095 2357 1289 2436 auris,
1334 2378 1639 2443 prospere
1670 2379 1801 2443 quo
1845 2357 2272 2423 intenderant
2314 2356 2726 2444 navigantes,
2774 2354 2927 2420 Sco-

824 2458 940 2523 tiae
984 2458 1177 2524 littus
1220 2458 1605 2545 attingunt:
1666 2459 1905 2525 deinde
1950 2459 2357 2526 mercimonii
2404 2459 2508 2524 sui
2553 2462 2929 2545 perpetrato

823 2561 1088 2646 negotio
1146 2561 1641 2647 navigationem
1699 2565 2127 2639 maturantes,
2172 2560 2323 2626 vela
2366 2565 2642 2625 vertunt
2682 2559 2771 2625 ad
2814 2579 2930 2644 pa-

824 2661 1061 2741 triam3
1122 2661 1378 2747 sibique
1434 2662 1576 2747 jam
1637 2661 2080 2729 famulati-ices
2140 2663 2227 2728 ad
2293 2666 2527 2728 votum
2595 2681 2929 2746 aequoreas

736 2749 746 2759 ’
825 2763 1270 2849 pez-sulcantes
1332 2764 1561 2841 undas,
1607 2763 1782 2830 felici
1846 2786 2040 2830 cursu
2086 2764 2204 2828 diu
2263 2763 2633 2828 desiderata
2690 2762 2927 2848 patriae

491 2958 614 3024 they
634 2958 754 3010 visit

566 3042 656 3076 ver
674 3042 738 3091 ey

491 3092 596 3142 and
615 3093 706 3143 tell

491 3157 624 3209 their
644 3160 761 3211 tale.

830 2866 903 2931 in
926 2864 952 2905 ⁶
1015 2866 1205 2933 brevi
1272 2864 1671 2933 delabuntur
1731 2866 1819 2934 ad
1881 2866 2123 2932 littora.
2240 2865 2397 2931 Non
2470 2864 2684 2930 multo
2756 2866 2924 2949 post,

830 2975 1080 3035 semota
1123 2959 1458 3048 dilatione,
1489 2969 1915 3036 Beverlacum
1960 2991 2168 3055 usque
2210 2969 2613 3048 festinantes,
2659 2991 2928 3057 precum

828 3078 988 3137 vota
1048 3071 1191 3138 Deo
1255 3072 1626 3159 Sanctoque
1690 3094 1810 3137 suo
1885 3071 1931 3137 J
1931 3071 2178 3138 ohanni
2245 3077 2489 3139 sanctae
2558 3072 2929 3139 devotionis

826 3175 1068 3241 affectu
1110 3174 1512 3261 persolvunt.
1621 3173 1977 3241 Accersitis
2036 3174 2318 3259 denique
2370 3174 2684 3240 fratribus
2726 3175 2928 3241 eccle·

827 3276 956 3355 siae,
1005 3277 1168 3363 quid
1215 3278 1392 3343 inter
1448 3275 1902 3364 navigandum
1954 3277 2295 3354 acciderat,
2342 3277 2642 3362 qualiter,
2698 3277 2927 3343 suffra-

824 3380 1138 3465 gantibus
1157 3376 1184 3417 ⁶
1226 3379 1407 3445 beati
1450 3379 1782 3465 pontificis
1814 3378 2222 3445 orationibus
2268 3385 2337 3444 et
2378 3380 2649 3457 meritiS,
2680 3399 2723 3446 a
2764 3401 2929 3450 nau-

827 3481 1022 3568 fragii
1067 3481 1388 3568 periculis,
1421 3482 1711 3567 diraeque
1755 3481 1988 3548 mortis
2039 3480 2341 3556 faucibus
2386 3482 2581 3548 solita
2627 3481 2930 3548 Salvato-

826 3583 919 3648 ris
963 3584 1311 3650 clementia
1361 3583 1623 3649 liberati
1669 3588 1902 3660 essent,
1948 3583 2243 3649 seriatim
2288 3582 2362 3648 in
2406 3586 2738 3650 communi
2782 3605 2929 3671 pro-

828 3684 1052 3751 ferunt
1094 3686 1474 3765 audientia3
1535 3684 2050 3771 funiculumque,
2104 3706 2302 3771 quem
2363 3707 2582 3751 secum
2627 3686 2713 3752 ad
2755 3686 2932 3752 tanti

827 3786 1128 3853 miraculi
1170 3787 1770 3853 manifestationem
1815 3787 2198 3864 attulerant,
2245 3787 2416 3854 clero
2461 3787 2768 3873 plebique
2796 3810 2932 3855 non

828 3889 1241 3956 mediocriter
1283 3889 1767 3957 admirantibus
1813 3889 2189 3956 ostendmt.
2284 3888 2777 3976 obstupescunt
2817 3892 2934 3978 qui

827 3992 1106 4058 aderant
1149 3992 1235 4057 ad
1295 3991 1666 4058 inauditam
1725 3990 1905 4057 tanti
1964 3995 2243 4057 eventus
2290 3991 2677 4071 novitatem,
2723 3994 2933 4060 admi-

830 4098 1052 4160 rantes
1128 4094 1304 4180 quod
1379 4094 1808 4161 saevientibus
1883 4093 2103 4181 pelagi
2175 4093 2556 4161 turbinibus
2631 4097 2933 4165 anchorae

1233 4252 1602 4259 --——————-
1621 4253 1708 4260 ——
1721 4253 1969 4259 ——m

899 4330 918 4363 1
953 4330 1024 4397 εἰ]
1053 4330 1176 4394 jam,
1198 4329 1270 4380 A,
1995 4329 2017 4361 ⁶
2032 4331 2218 4394 pavea
2239 4331 2290 4381 s·
2314 4331 2452 4383 bran·
2471 4332 2796 4404 delabuntur]
2818 4351 2935 4402 por-

898 4431 922 4467 ²
953 4435 1305 4502 '‘mm''m]
1338 4434 1611 4500 inoeptum,
1631 4435 1699 4485 Δ·
1931 4413 2019 4519 ωδ
2039 4409 2709 4546 ffrfflti'e'ssm
2730 4497 2797 4545 ab
2890 4501 2934 4545 t-

901 4540 922 4569 ’
945 4540 1268 4606 ΡΤΦΡΜαΜ]
1296 4546 1568 4605 Pmpmtv
1588 4538 1658 4590 A·
1930 4568 2001 4633 ly.
2068 4567 2225 4620 After
2257 4568 2358 4621 this
2400 4587 2474 4621 we
2519 4587 2617 4623 can
2659 4574 2783 4639 only
2796 4510 2935 4639 Ἠ]

897 4643 919 4676 ⁴
949 4643 1124 4694 lenita·
1176 4644 1543 4710 respirantibus
1561 4645 1586 4710 ]
1659 4644 1838 4696 leviter
1933 4661 2073 4711 upon
2093 4647 2182 4699 the
2203 4655 2315 4699 text
2336 4651 2607 4715 presented
2626 4651 2683 4701 in
2700 4652 2791 4702 the
2801 4652 2936 4703 Acts

832 4721 1150 4785 spirantibus,
1175 4724 1243 4774 A.
1425 4739 1432 4748 ·
1934 4726 2255 4778 Sanctorum.
2834 4717 2853 4734 ⁹
