3600 5800
1299 889 1604 940 Emsoom
1651 888 2132 940 nnomcsnsm.
2640 874 2771 943 247

655 1081 828 1166 quod
904 1100 947 1146 a
1019 1077 1326 1166 populari
1400 1077 1779 1163 frequentia
1851 1077 2030 1147 locus
2106 1075 2419 1141 remotior
2463 1080 2627 1154 erat,
2693 1076 2767 1140 in
2795 1092 2999 1151 oratory
3021 1095 3075 1139 at

642 1180 937 1266 jejuniis,
986 1186 1055 1245 et
1100 1178 1526 1256 orationibus,
1574 1183 1644 1243 et
1689 1177 2251 1264 eleemosynarum
2298 1177 2764 1264 largitionibus
2792 1153 3096 1271 {Igrn‘figssff

651 1282 951 1347 intentus
997 1281 1282 1347 Sanctus
1328 1279 1374 1344 J
1376 1279 1666 1345 ohannes
1696 1280 2022 1345 manebat.
2098 1279 2239 1345 Ubi
2283 1300 2435 1346 cum
2480 1279 2765 1365 quodam
2794 1286 2930 1336 ham·

653 1392 948 1472 tempore
1014 1386 1281 1451 turbam
1343 1405 1724 1471 pauperum,
1772 1383 1968 1449 solito
2031 1403 2152 1448 suo
2195 1403 2376 1447 more
2427 1382 2762 1449 consolan-

654 1487 824 1563 dam,
879 1487 1184 1572 jussisset
1251 1486 1599 1564 introduci,
1668 1485 1982 1552 convenit
2049 1484 2227 1549 inter
2289 1506 2397 1549 eos
2462 1484 2765 1569 quaedam

652 1587 1041 1654 miserabilis
1086 1589 1296 1655 forma
1317 1587 1341 1625 ¹
1386 1589 1532 1654 viri.
1627 1588 1808 1654 Nam
1854 1591 1923 1652 et
1966 1591 2193 1650 mutus
2240 1590 2384 1650 erat
2431 1605 2474 1649 a
2516 1584 2766 1650 nativi·
2796 1595 2980 1658 There,
3001 1614 3033 1646 a

653 1696 807 1769 tate,
840 1696 910 1756 et
954 1692 1117 1757 adeo
1163 1692 1502 1758 obscaenus
1546 1691 1767 1756 lurida
1827 1688 2063 1774 capitis
2106 1687 2422 1763 faeditate,
2471 1692 2552 1751 ut
2596 1708 2767 1771 prae-
2793 1663 3076 1778 {fflsseffd

652 1798 966 1879 occupato
1010 1814 1053 1858 a
1097 1794 1281 1858 tinea
1324 1799 1468 1858 toto
1514 1792 1755 1858 circulo
1800 1789 2053 1874 capitis,
2087 1809 2206 1873 pro
2252 1787 2405 1872 pilis
2450 1786 2768 1852 horrebat
2796 1809 3107 1870 man-eomes

649 1895 814 1959 raris
860 1898 930 1959 et
1002 1895 1278 1958 hirsutis
1347 1893 1536 1977 quasi
1603 1912 1947 1976 porcorum
1992 1888 2167 1953 setiS.
2232 1887 2446 1968 Quem
2491 1892 2760 1955 sanctus
2796 1866 2850 1909 ²⁰
2871 1860 2995 1910 mm.

652 1995 995 2079 episcopus
1069 1995 1236 2058 bene
1305 1998 1598 2067 noverat,
1663 1992 1823 2076 quia
1880 1991 1968 2055 ad
2028 1989 2511 2075 eleemosynam
2570 2009 2761 2055 suam

654 2094 831 2158 inter
875 2094 1038 2159 alios
1091 2114 1411 2180 pauperes
1478 2113 1631 2157 eum
1675 2092 2052 2177 frequenter
2095 2091 2371 2157 viderat
2465 2090 2759 2156 Tandem

655 2215 809 2279 ergo
870 2193 1179 2259 dilectam
1225 2193 1368 2258 Deo
1428 2193 1719 2258 animam
1763 2191 1919 2257 talis
1963 2190 2161 2258 facies
2204 2191 2485 2256 miseriae
2552 2190 2754 2257 altius

654 2315 973 2380 pungens,
1019 2295 1406 2360 clementius
1451 2295 1717 2380 tetigit3
1783 2294 2156 2379 injectaque
2225 2315 2444 2371 manu,
2491 2300 2573 2359 ut
2617 2300 2759 2360 erat

655 2396 1180 2482 benignissimae,
1244 2402 1466 2462 mento
1542 2417 1898 2482 pauperem
1973 2395 2484 2481 comprehendit,
2562 2397 2758 2462 bene-

655 2497 848 2575 dixit,
917 2504 986 2564 et
1053 2500 1126 2563 in
1192 2499 1458 2563 nomine
1520 2497 1792 2563 Domini
1820 2495 1845 2535 2
1888 2503 1967 2562 ut
2010 2498 2388 2583 loqueretur
2431 2498 2761 2585 pmcepit.

655 2598 978 2665 Praecedit
1021 2601 1377 2685 episcopus,
1425 2599 1651 2664 literas
1712 2599 2031 2684 quasdam
2079 2604 2148 2664 et
2190 2599 2395 2664 verba
2440 2600 2759 2681 dicendo;
2796 2605 2937 2683 Jphn
2962 2622 3109 2658 cures

652 2699 766 2764 ille
811 2700 927 2786 qui
970 2706 1197 2765 mutus
1244 2707 1400 2777 erat,
1448 2701 1664 2766 soluto
1727 2700 1975 2787 linguae
2044 2698 2269 2777 offici0,
2320 2701 2762 2788 subsequitur,
2795 2672 3027 2789 &¹32⁰ss

653 2802 882 2868 eadem
927 2823 1011 2867 ex
1057 2824 1167 2868 ore
1235 2803 1523 2889 episcopi
1597 2803 1943 2888 loquendo.
2059 2802 2483 2889 Tandemque
2505 2801 2532 2841 ³
2605 2810 2758 2891 post
2798 2806 3045 2857 ailments.

653 2905 855 2971 verba
883 2905 1206 2991 paulatim
1252 2906 1516 2972 invadit
1561 2906 1877 2971 orationis
1921 2906 2300 2983 sententias,
2347 2912 2548 2992 prout
2599 2929 2765 2993 prae·

653 3007 814 3072 sulis
859 3009 1168 3095 exigebat
1213 3011 1545 3076 sanctitas.
1640 3008 1940 3096 Fugatur
1988 3010 2192 3076 etiam
2236 3010 2323 3073 ab
2382 3010 2499 3076 illo
2546 3011 2759 3075 omnis

655 3109 770 3174 illa
843 3109 1108 3177 horrida
1183 3112 1418 3196 capitis
1482 3113 1799 3197 contagio,
1869 3112 2283 3197 vestiturque
2360 3112 2749 3196 capillorum

654 3216 891 3277 ornatu
936 3213 1148 3297 crispo
1195 3217 1264 3276 et
1308 3213 1535 3296 nigro3
1595 3211 1815 3295 sicque
1879 3212 2229 3277 consolatis
2274 3211 2546 3296 reliquis
2592 3234 2754 3296 pau-

653 3312 917 3396 peribus
992 3312 1276 3397 simplici
1349 3310 1678 3387 alimonia‚
1763 3313 1878 3375 ille
1951 3333 2069 3395 per
2145 3311 2376 3376 Sancti
2437 3311 2483 3376 J
2485 3311 2763 3377 ohannis

655 3415 893 3478 merita
936 3414 1110 3477 redit
1156 3414 1408 3479 ditatus
1438 3410 1794 3496 multiplici
1838 3413 2338 3478 miserationum
2383 3412 2513 3477 Dei
2558 3414 2760 3499 copia.

1417 3622 1865 3708 [CAPITULUM
1912 3625 2019 3709 V.]

661 3760 999 3843 Quomodo
1051 3758 1643 3826 sanctimonialem
1694 3760 2052 3849 quandam
2116 3782 2164 3825 a
2231 3760 2458 3828 nimio
2501 3771 2763 3831 tumme

764 3860 1024 3926 brachii
1067 3868 1126 3926 et
1160 3860 1739 3947 perieidosissima
1784 3859 2194 3947 oeyritudine
2239 3861 2639 3932 liberaverit.

742 3984 897 4051 Alio
942 3989 1250 4070 tempore,
1303 4006 1453 4051 cum
1512 3985 1640 4050 iter
1698 3985 1956 4062 faceret,
2021 3986 2326 4072 pervenit
2384 3988 2473 4052 ad
2540 3988 2762 4054 vicum
2794 3999 2870 4052 Cf:
2900 4001 3054 4061 Beda,

653 4088 770 4173 qui
837 4087 1224 4152 Betendune
1241 4086 1269 4125 ⁴
1336 4087 1594 4164 dicitur,
1664 4088 1782 4153 ubi
1845 4094 2008 4155 tune
2074 4093 2217 4154 erat
2290 4091 2763 4156 monasterium
2790 4072 2937 4194 3·οῇ
2958 4145 3104 4196 visits

653 4188 1044 4255 ancillarum
1109 4187 1374 4264 Christi,
1446 4189 1685 4274 quibus
1753 4196 2034 4275 praeerat
2102 4191 2507 4277 Hereburgis
2584 4193 2764 4260 dicta
2792 4211 2879 4261 the
2902 4228 3031 4262 nun-

721 4397 736 4428 ¹
759 4397 958 4461 forma]
1001 4397 1197 4458 formae,
1225 4399 1289 4446 A.
1758 4399 1942 4458 Smiffl,
1965 4400 2053 4450 the
2076 4399 2240 4450 editor
2262 4400 2322 4451 of
2339 4401 2497 4462 Beda,
2520 4418 2762 4468 supposes

719 4477 741 4506 ²
775 4477 965 4525 nomine
1012 4476 1251 4541 Domina]
1306 4476 1402 4526 Dei
1448 4477 1667 4536 nomine,
1757 4477 1845 4527 the
1869 4478 2030 4541 place,
2070 4481 2172 4528 and
2206 4478 2482 4546 seemingly
2503 4482 2627 4531 with
2651 4483 2759 4545 jus-

661 4558 712 4606 A
1756 4555 1875 4616 tice,
1919 4563 1973 4604 to
2021 4557 2084 4606 be
2131 4557 2360 4620 Watton,
2405 4557 2457 4607 in
2503 4560 2591 4611 the
2635 4561 2762 4613 East

717 4594 742 4668 ’a
785 4633 1130 4700 Tandemque]
1174 4634 1423 4696 Tandem,
1444 4636 1513 4685 A.
1755 4633 1951 4698 Riding
1986 4633 2047 4684 of
2080 4634 2377 4697 Yorkahire,
2411 4637 2580 4689 where
2616 4639 2761 4693 there

721 4714 741 4743 ⁴
777 4712 1104 4777 Betendune]
1130 4710 1389 4775 Yatadim‘,
1405 4711 1472 4762 A.
1508 4712 1666 4763 Veta-
1755 4729 1858 4764 was
1879 4730 1910 4764 a
1932 4729 2165 4779 nunnery
2187 4713 2239 4765 in
2260 4716 2389 4767 later
2408 4718 2575 4772 times.

654 4793 760 4842 dun
828 4794 1017 4856 (Beda,
1065 4791 1134 4841 Η.
1181 4791 1245 4841 Ε.
1293 4808 1342 4841 v.
1387 4793 1470 4854 3).
1571 4792 1663 4843 Dr.
