3600 5800
1435 847 1754 897 AUCTORE
1799 832 2865 901 5315115115.167

428 1047 594 1108 Beda,
616 1063 671 1100 v.
773 1034 1102 1113 volebant,
1171 1036 1590 1123 abundanter
1656 1035 2006 1101 tribuebat.
2100 1035 2283 1115 Quin
2348 1041 2417 1101 et
2460 1036 2655 1102 beato
2701 1035 2865 1100 Wil-
2891 1029 3005 1078 who
3018 1030 3200 1079 wishes

770 1137 938 1203 frido
983 1150 1211 1217 partem
1262 1145 1588 1201 Galliarum
1640 1158 1775 1202 non
1837 1137 2160 1203 modicam
2225 1147 2544 1218 regendam
2603 1138 2865 1214 obtulit,
2891 1097 3115 1222 wiliffig,

769 1253 836 1291 85
870 1235 1056 1291 filiam
1090 1234 1290 1290 fratris
1326 1233 1419 1288 sui
1470 1234 1785 1306 virginem,
1825 1227 1882 1291 si
1917 1234 2222 1306 conjugem
2258 1227 2493 1292 ducere
2536 1227 2756 1305 vellet,
2803 1227 2865 1293 ei
2892 1230 2991 1278 and
3014 1245 3183 1293 marry

769 1338 838 1381 se
883 1317 1195 1381 daturum
1240 1314 1377 1380 fore
1423 1316 1739 1401 promisit,
1785 1321 2112 1401 quatenus
2156 1316 2296 1401 ipse
2341 1316 2491 1380 illi
2471 1337 2545 1379 15
2589 1322 2862 1402 patrem,
2890 1294 2995 1343 him
3018 1302 3073 1345 ‘⁰
3093 1295 3175 1346 ¹¹5⁸

2889 1376 3048 1412 mooe.

775 1423 844 1483 et
887 1418 1000 1482 ille
1046 1417 1173 1502 ipsi
1218 1422 1389 1482 esset
1432 1416 1553 1482 tali
1599 1417 2061 1503 conjunctione
2128 1417 2202 1480 in
2268 1416 2496 1482 filium.
2591 1426 2676 1482 At
2732 1426 2858 1493 ille,

768 1515 988 1586 gratias
1023 1531 1205 1586 agens
1256 1514 1480 1587 pietati,
1533 1533 1712 1587 quam
1763 1533 1910 1587 erga
1961 1530 2046 1585 55,
2098 1531 2234 1572 cum
2284 1513 2631 1585 peregrinus
2689 1506 2859 1571 exis-

766 1601 952 1688 teret,
1012 1602 1358 1675 dignaretur
1415 1604 1650 1669 habere,
1700 1604 2020 1675 respondit,
2071 1594 2200 1659 sibi
2246 1595 2455 1679 magis
2499 1603 2860 1674 propositum

765 1681 1007 1749 alterius
1067 1690 1523 1747 conversationis
1587 1683 1840 1763 inesse3
1914 1688 1984 1748 et
2050 1683 2135 1748 ob
2200 1682 2325 1747 hoc
2381 1691 2588 1747 relicta
2646 1683 2862 1768 patria
2885 1689 3092 1743 wilfrid

765 1782 1014 1837 Romam
1058 1772 1154 1836 ire
1201 1779 1466 1851 coepisse.
1554 1778 1794 1849 Quibus,
1835 1780 2101 1858 antistes,
2142 1779 2381 1845 auditis,
2421 1779 2559 1836 dato
2627 1779 2860 1835 itineris
2886 1760 3076 1823 prefem

761 1870 929 1934 (11155,
968 1868 1142 1925 simul
1178 1865 1247 1925 et
1308 1860 1394 1924 115
1460 1886 1593 1939 quas
1627 1865 1836 1926 tantae
1899 1860 2030 1925 viae
2063 1867 2378 1923 necessitas
2430 1868 2722 1939 poscebat,
2760 1880 2863 1925 00—
2886 1831 3108 1941 ᾗξζω

765 1950 946 2035 piose
1015 1949 1345 2034 impensis,
1415 1949 1633 2033 ipsum
1679 1956 1928 2012 Romam
1992 1953 2373 2020 transmisit,
2412 1955 2743 2017 obsecrans,
2792 1954 2861 2013 et

768 2038 980 2102 multa
1023 2059 1215 2123 prece
1261 2042 1651 2113 contestans,
1701 2042 2027 2121 quatenus
2071 2037 2154 2101 de
2218 2034 2430 2102 Roma
2473 2035 2732 2102 rediens
2776 2038 2862 2103 ad
2928 2089 2934 2095 .

764 2160 833 2203 se
878 2137 1251 2205 declinaret.

1509 2396 1955 2481 [CAPITULUM
1999 2395 2145 2481 VI.]

850 2569 951 2636 Ut
1025 2575 1249 2636 autem
1325 2570 1603 2635 Romam
1688 2571 1890 2648 venit,
1953 2568 2319 2636 beatissimi
2393 2568 2860 2656 Apostolorum
2885 2573 2962 2624 At
2982 2575 3163 2637 Rome,

760 2672 1075 2759 principis
1120 2673 1356 2738 limina
1400 2673 1633 2738 orandi
1696 2672 1915 2759 gratia
1958 2671 2192 2759 petiit3
2241 2677 2311 2737 et
2355 2693 2669 2758 egressus,
2714 2696 2860 2760 ger·
2886 2640 3140 2759 gfff&

757 2777 940 2842 mani
985 2775 1178 2842 Beati
1223 2775 1419 2853 Petri,
1468 2776 1695 2840 eadem
1770 2796 1968 2840 581158
2033 2776 2289 2852 ductus,
2355 2774 2714 2840 oratorium
2761 2781 2862 2841 est
2871 2789 3073 2891 ἔξω
2977 2780 3095 2839 *0¹7
3116 2775 3176 2826 of

758 2879 1101 2967 ingressus,
1147 2879 1469 2966 humique
1535 2883 1904 2966 prostratus
1947 2878 2074 2946 1185
2142 2899 2331 2965 prece
2393 2878 2604 2945 fertur
2669 2879 2857 2966 pium
2882 2909 3035 2958 drew

753 2981 1164 3068 Apostolum,
1231 3003 1427 3067 quem
1510 2987 1732 3047 mente
1807 2986 2197 3068 praesentem
2273 2981 2559 3059 videbat,
2637 2981 2856 3068 pelam

755 3105 1029 3172 rogasse.
1125 3085 1478 3150 “Piissime
1522 3085 1991 3201 Apostolorum
2036 3084 2182 3161 Dei,
2228 3083 2432 3150 frater
2489 3084 2856 3151 beatissimi
2883 3092 2952 3142 Hi
2936 3108 2980 3143 ιε
3000 3109 3183 3159 prayer

755 3187 1141 3273 ‘Apostoli
1185 3186 1382 3263 Petri,
1430 3209 1515 3252 en
1563 3208 1700 3302 ego,
1730 3187 2094 3272 peregrinae
2138 3186 2497 3272 provinciae
2542 3187 2726 3263 civis,
2769 3187 2856 3252 ad
2881 3159 3042 3210 there.

758 3297 791 3324 “
834 3295 956 3355 tua
1020 3289 1255 3354 limina
1298 3289 1469 3365 veni,
1515 3288 1781 3353 veniam
1844 3308 1963 3372 pro
2028 3287 2311 3373 peccatis
2356 3287 2519 3351 meis
2564 3287 2855 3371 postula-

755 3398 789 3425 “
833 3396 1038 3455 turus.
1130 3389 1363 3455 Precor
1428 3393 1498 3454 te
1563 3389 1772 3474 igitur
1844 3410 1961 3473 per
2005 3388 2336 3472 pietatem,
2406 3408 2539 3472 qua
2604 3388 2857 3453 eaeteris

756 3499 791 3527 “
835 3495 1149 3577 praestare
1193 3491 1402 3556 totius
1447 3490 1622 3555 orbis
1682 3488 2110 3569 attestatione
2139 3488 2452 3574 probaris,
2483 3491 2564 3554 ut
2591 3488 2856 3552 veniam

757 3600 791 3627 “
834 3597 1263 3679 peecatorum,
1296 3613 1495 3678 quam
1524 3614 1642 3677 per
1670 3597 1737 3657 te
1767 3591 2066 3656 obtinere
2087 3590 2367 3668 'confid0‚
2398 3612 2534 3656 non
2564 3611 2856 3676 quaeram

758 3701 793 3729 “
837 3696 911 3758 in
955 3715 1220 3772 vanum,
1267 3717 1351 3760 ne
1426 3693 1593 3758 mihi
1666 3697 1875 3759 tantae
1937 3692 2300 3779 progressio
2346 3692 2475 3758 viae
2544 3693 2853 3779 procedat

758 3803 793 3832 “
836 3798 1181 3863 1558551115.
1273 3796 1521 3861 Verum
1567 3801 1649 3860 ut
1693 3795 1996 3882 experiar
2023 3794 2292 3860 vincula
2334 3816 2499 3860 meae
2544 3795 2850 3881 impieta-

755 3908 788 3934 “
835 3900 923 3965 tis
989 3922 1108 3986 per
1169 3899 1408 3964 merita
1452 3904 1572 3964 tua
1616 3896 1801 3975 solvi,
1850 3896 2048 3974 solve,
2095 3918 2332 3982 quaeso,
2378 3896 2851 3983 impedimenta

753 4011 787 4038 “
832 4003 1084 4090 ingenii
1146 4004 1292 4081 mei,
1358 4007 1427 4068 et
1488 4001 1734 4088 linguae
1793 4022 1975 4079 meae,
2059 4005 2386 4086 quatenus
2459 4002 2649 4069 verbi
2723 4001 2852 4067 Dei

753 4113 787 4140 “
832 4105 1153 4192 mysteria
1196 4105 1387 4172 corde
1438 4104 1785 4191 percipere,
1818 4107 1889 4169 et
1941 4103 2185 4169 diserto
2238 4098 2623 4172 elocutionis
2654 4106 2848 4171 modo

754 4215 788 4242 “
832 4209 1060 4274 eadem
1089 4209 1237 4275 81115
1282 4208 1539 4274 valeam
1584 4206 1973 4273 insinuare?

846 4309 904 4373 Ο
935 4310 1098 4374 fides
1126 4310 1360 4375 famuli
1389 4309 1558 4375 Dei!
1605 4310 1664 4374 O
1710 4310 1992 4395 1551855
2014 4310 2285 4395 pietatis
2316 4309 2635 4376 indicium
2666 4310 2848 4395 Apo-
2878 4321 2987 4371 The
3009 4323 3162 4372 mira-

760 4409 914 4475 stoli
959 4409 1127 4475 Dei!
1218 4410 1276 4474 Ο
1308 4412 1491 4496 larga
1533 4411 1926 4496 benignitas,
1959 4416 2030 4475 et
2074 4411 2361 4495 benigna
2406 4410 2677 4495 largitas
2723 4410 2853 4475 cle·
2876 4389 3078 4505 {2¹22
3101 4464 3153 4503 to

755 4514 1021 4578 mentiae
1089 4513 1258 4578 Dei!
1348 4513 1505 4579 Non
1567 4514 1762 4579 citius
1832 4513 2146 4579 orationis
2210 4512 2412 4577 verba
2479 4513 2848 4598 complevit,
2876 4520 2936 4571 it·

751 4635 948 4701 quam
981 4613 1471 4679 vivacissimum
1518 4614 1758 4678 mentis
1803 4613 2159 4700 ingenium,
2193 4617 2262 4675 et
2291 4613 2850 4698 promptissimum

755 4718 1141 4785 elocutionis
1186 4716 1455 4782 modum
1503 4737 1639 4780 sese
1693 4716 2053 4800 percepisse
2100 4714 2422 4798 cognovit.
2485 4764 2500 4774 .
2517 4715 2719 4781 Redit
2777 4718 2851 4781 in
