3600 5800
887 895 1016 957 402
1518 908 1681 956 vrrA
1728 908 1971 955 sANcrl
2020 907 2348 968 oswium,

885 1116 1006 1162 nec
1058 1097 1425 1182 potentiam
1488 1102 1941 1182 tyrannorum,
1988 1096 2240 1161 habens
2303 1093 2727 1159 severitatem
2783 1091 2992 1178 (erga)

553 1193 802 1244 Boethius
885 1197 1169 1282 injustos
1213 1203 1283 1263 et
1312 1198 1664 1264 veritatem
1695 1219 1854 1285 erga
1886 1197 2045 1283 pios.
2140 1195 2488 1284 Ignoravit
2516 1193 2733 1260 stema:
2756 1194 2780 1220 ⁸
2795 1191 2997 1280 flati-

551 1261 849 1402 ῗιῗιξέςῃέἔιιι
889 1300 1011 1365 bus
1040 1300 1271 1379 Euri;
1332 1300 1617 1367 nescivit
1662 1301 1872 1387 mergi
1902 1299 2219 1366 fluctibus
2264 1298 2475 1385 ponti.
2571 1297 2705 1363 Hic
2735 1295 2992 1362 solebat

555 1400 841 1442 u.met.1v.
888 1407 1112 1467 mente
1173 1424 1402 1469 serena
1462 1403 1808 1470 cacumina
1869 1401 1992 1467 alti
2068 1400 2316 1466 montis
2380 1399 2710 1477 scandere,
2775 1403 2847 1464 et
2908 1396 2995 1462 ad

887 1504 1251 1570 Dominum
1297 1504 1427 1590 piis
1470 1504 1774 1591 precibus
1836 1502 2136 1582 clamare,
2183 1501 2520 1569 confidens
2588 1502 2661 1566 in
2707 1500 2995 1566 Domino

889 1605 1063 1672 sicut
1129 1628 1317 1672 mons
1383 1606 1560 1684 Sion,
1625 1611 1695 1672 et
1763 1605 1845 1671 de
1913 1604 2261 1692 profundis
2325 1603 2504 1670 clara
2569 1623 2732 1669 voce
2792 1601 2993 1687 hujus

890 1708 1114 1773 saeculi
1173 1708 1587 1792 proclamare,
1635 1707 2063 1794 quoadusque
2125 1706 2540 1773 benediceret
2584 1704 2774 1769 illum
2842 1703 2994 1789 pius

557 1809 714 1885 Psal..
891 1808 1213 1887 ChristuS,
1265 1809 1404 1891 Qui
1454 1808 1620 1895 fecit
1687 1808 1932 1876 coebwm
1976 1815 2037 1874 et
2086 1815 2357 1875 terram.
2453 1807 2566 1874 Sic
2628 1804 2994 1892 quindenos

556 1891 766 1926 cxxxw.
793 1881 841 1929 8·
890 1910 1209 1977 scandens
1282 1911 1526 1997 gradus
1587 1910 1948 1988 DaviticoS,
2013 1910 2241 1974 firmus
2310 1930 2429 1994 pro
2475 1959 2489 1972 .
2582 1958 2596 1973 .
2690 1958 2703 1973 .
2748 1912 2783 1971 t
2843 1905 2992 1983 fide,

891 2014 1216 2082 machaera
1278 2014 1571 2080 vibranti
1615 2013 1843 2091 fidens,
1892 2019 1962 2078 et
2007 2065 2019 2077 .
2114 2064 2127 2076 .
2223 2064 2237 2076 .
2330 2064 2345 2078 .
2390 2011 2500 2078 lici
2570 2009 2994 2087 confortatus,

891 2115 1052 2181 valli
1082 2115 1327 2192 robore,
1375 2115 1587 2180 veluti
1618 2115 1853 2180 domus
1896 2115 1970 2179 in
2013 2113 2191 2180 valle
2221 2134 2418 2199 super
2461 2133 2729 2178 arenam
2758 2110 2991 2197 posita,

891 2222 1034 2284 erat
1079 2217 1402 2283 suffultus
1497 2216 1947 2303 Praepotentes
1998 2215 2202 2302 hujus
2246 2214 2436 2301 regni
2496 2214 2779 2278 eximius
2824 2233 2992 2299 prae-

890 2320 995 2385 sul
1050 2321 1490 2406 exsuperavit,
1538 2318 1842 2384 deridens
1886 2322 2088 2403 atque
2151 2323 2453 2383 temnens
2515 2315 2781 2381 aetheris
2844 2314 2989 2390 iras,

891 2420 964 2485 id
1024 2426 1127 2486 est
1188 2421 1628 2506 malignorum
1674 2420 2032 2507 spirituum
2096 2423 2167 2484 et
2210 2416 2557 2483 hominum
2626 2416 2807 2481 diras
2852 2437 2993 2481 ma-

556 2529 694 2580 rsal.
719 2532 863 2583 xxvi.
891 2521 1305 2607 lignationes,
1351 2522 1574 2590 dicens
1620 2544 1770 2589 cum
1835 2520 2191 2588 reverendo
2238 2518 2586 2605 Propheta,
2649 2516 2992 2584 Dominus

556 2602 605 2646 ²·
891 2624 1191 2690 defensor
1250 2624 1405 2691 vitce
1447 2646 1626 2702 τηεσε,
1693 2645 1737 2689 a
1798 2645 1931 2711 quo
1994 2620 2397 2709 trepidabo?
2486 2620 2576 2685 Et
2628 2619 2799 2685 illud
2842 2640 2990 2685 cen-

551 2737 687 2787 Psal.
710 2737 864 2790 cxvii.
888 2726 1108 2791 tesimi
1153 2727 1418 2811 septimi
1451 2725 1713 2803 Psalmi,
1760 2722 2104 2792 Dominus
2147 2722 2325 2790 mihi
2369 2722 2650 2809 adjutor
2695 2727 2801 2800 est,
2846 2742 2993 2787 mm

546 2808 596 2853 6·
889 2828 1127 2896 timebo
1194 2828 1368 2916 quid
1418 2828 1643 2916 faciat
1704 2827 1885 2896 mihi
1947 2827 2154 2895 ho‘nw.
2272 2827 2405 2893 Sed
2475 2826 2793 2914 quoniam
2869 2826 2996 2891 hoc

888 2953 1040 2999 cum
1086 2931 1380 2997 veridica
1439 2932 1696 2997 ratione
1740 2931 1920 3016 quod
1965 2930 2246 2998 dicimus
2291 2930 2560 3016 probari
2610 2934 2681 2994 et
2724 2928 2990 2993 demon-

885 3035 1082 3102 strari
1128 3033 1441 3111 valemuS,
1489 3033 1731 3101 idcirco
1782 3038 1949 3120 puto
1995 3032 2432 3102 validioribus
2476 3029 2805 3097 utendum
2850 3051 2989 3096 esse

884 3137 1122 3205 verbis.

548 3240 659 3290 The
681 3240 785 3320 lust
808 3242 866 3294 of
974 3240 1123 3306 Rex
1169 3261 1324 3306 vero
1370 3239 1599 3306 eadem
1644 3243 2041 3325 tempestate
2086 3237 2534 3305 monarchiam
2580 3255 2987 3323 regnumque

547 3307 634 3356 ὼε
658 3308 795 3375 '‘¹⁰³³'’
885 3343 1196 3421 retinens,
1242 3347 1313 3407 et
1374 3342 1620 3428 inique,
1667 3352 1746 3407 ut
1810 3339 2098 3406 insolens
2158 3339 2482 3426 juventus
2546 3336 2729 3415 solet,
2774 3336 2988 3402 vitam

883 3444 1144 3521 ducens,
1193 3443 1318 3509 sub
1363 3465 1570 3509 uxore
1615 3441 1883 3529 propria
1944 3441 2222 3508 alteram
2266 3438 2627 3517 adamavit,
2674 3458 2874 3524 quam
2918 3443 2989 3503 et

881 3547 1122 3632 rapuit,
1169 3567 1355 3613 sacra
1415 3545 1680 3613 decreta
1724 3543 2127 3611 Christianae
2188 3542 2354 3630 legis
2418 3541 2775 3629 negligens,
2822 3539 2985 3605 obli-

882 3655 995 3713 tus
1063 3655 1287 3714 mente
1355 3647 1821 3713 tribulationes
1880 3644 2179 3713 Davitici
2245 3645 2435 3731 regis,
2480 3663 2644 3730 quas
2710 3641 2990 3728 pertulit

879 3754 1145 3836 patrato
1189 3750 1442 3817 scelere.
1536 3748 1838 3815 Antistes
1898 3753 2123 3813 autem
2170 3746 2510 3813 Fineatico
2552 3743 2692 3811 zelo
2751 3744 2987 3809 stimu-

875 3850 1071 3930 latus,
1117 3858 1188 3918 et
1248 3853 1349 3916 ira
1409 3851 1537 3916 Dei
1599 3850 1918 3929 irritatus,
1964 3854 2233 3936 repente
2293 3870 2444 3916 cum
2505 3847 2696 3913 sociis
2741 3866 2986 3932 equum

543 3956 656 4032 '11112
677 3960 822 4010 θωὴ-
876 3954 1191 4034 ascendit,
1226 3960 1296 4020 et
1340 3953 1427 4020 ad
1472 3953 1703 4019 villam
1751 3973 1887 4038 qua
1930 3951 2169 4018 mulier
2214 3950 2621 4017 mansitabat
2663 3948 2988 4035 pervenit,

545 4024 806 4143 332⁰?ssss
875 4077 1151 4142 eamque
1198 4056 1437 4141 rapuit,
1483 4060 1555 4121 et
1598 4054 1681 4120 de
1725 4075 1930 4141 regno
1990 4053 2321 4141 perduxit,
2367 4071 2717 4140 regemque
2779 4049 2987 4117 dulci-

543 4155 681 4207 duct.
876 4159 1001 4225 bus
1064 4158 1436 4224 ammonuit
1496 4157 1718 4222 verbis
1780 4156 2159 4243 pariterque
2220 4154 2428 4233 factis,
2477 4160 2555 4219 ut
2615 4152 2702 4220 ab
2764 4152 2989 4239 impiis

543 4261 677 4315 ΡΝ·
701 4263 755 4317 ii.
776 4271 854 4319 12.
876 4262 1135 4328 actibus
1179 4258 1544 4326 custodiret
1602 4280 1673 4325 se
1716 4278 1801 4324 ne
1846 4258 2094 4345 periret
2153 4255 2234 4324 de
2277 4256 2397 4324 via
2439 4256 2651 4342 justa.
2775 4255 2988 4321 Perti-

877 4363 1053 4428 muit
1094 4383 1331 4448 nempe
1375 4362 1433 4427 si
1493 4382 1689 4426 suum
1749 4365 1954 4447 caput
2013 4360 2259 4446 ineptis
2304 4357 2416 4425 vel
2458 4358 2655 4425 foedis
2714 4378 2785 4423 se
2828 4358 2987 4424 sub·

875 4465 1062 4531 deret
1107 4464 1312 4541 vitiis,
1358 4468 1438 4529 ut
1481 4462 1777 4529 membra
1822 4469 2062 4530 caetera
2113 4461 2375 4529 facilius
2434 4460 2797 4548 instigante
2855 4460 2985 4525 ini-

872 4566 1042 4632 mico
1073 4566 1400 4644 caderent,
1430 4566 1857 4632 reminiscens
1886 4564 2073 4642 illud,
2106 4571 2141 4600 “
2159 4570 2418 4652 quanto
2443 4561 2708 4650 yram
2751 4560 2981 4639 altior,

874 4671 910 4702 “
956 4674 1146 4735 tanto
1188 4667 1413 4734 mimz
1444 4665 1746 4735 durior.'’
1855 4666 2154 4733 Fortuna
2196 4665 2529 4733 arridente
2583 4664 2821 4730 dehinc
2862 4684 2985 4729 rex

1134 4835 1154 4856 ⁵
1177 4827 1357 4878 eterni]
1387 4827 1524 4879 vinei,
1542 4828 1703 4871 interl.
1755 4826 1855 4874 'she
1873 4827 1973 4873 MS.
1990 4827 2076 4873 han
2091 4825 2300 4873 Euridici
2317 4825 2499 4872 instead
2515 4826 2563 4872 of
2578 4824 2708 4870 Buri.
