3600 5800
1277 937 1598 988 morona
1640 935 1999 986 mommo,
2556 916 2689 981 467

580 1127 651 1187 et
694 1122 852 1188 dato
897 1121 1076 1207 pacis
1121 1120 1342 1187 osculo
1386 1121 1658 1198 cunctis,
1704 1119 1832 1186 hoc
1875 1123 2143 1185 tantum
2188 1115 2366 1182 dixit
2409 1114 2689 1181 verbum

580 1223 719 1288 suis
763 1222 1065 1301 alumnis

673 1378 708 1405 “
740 1369 1070 1437 Consociet
1115 1368 1458 1436 Dominus
1493 1369 1767 1457 pariter
1820 1391 1946 1436 ‘nos
1984 1369 2069 1435 in
2112 1366 2460 1434 Paradiso
2485 1368 2510 1432 !
2533 1364 2566 1391 ’'

583 1516 920 1584 Profectus
982 1539 1157 1595 vero,
1219 1518 1429 1584 secuti
1489 1539 1715 1582 sumus
1791 1538 1945 1583 eum
2008 1537 2215 1602 usque
2274 1515 2361 1581 ad
2428 1517 2688 1601 portam
2715 1522 2923 1574 osvald

584 1619 883 1697 coenobii,
943 1618 1445 1704 valedicen[te]s
1507 1619 1570 1684 ei
1632 1639 1709 1684 ac
1771 1617 1980 1694 sociis,
2027 1637 2190 1701 quos
2235 1637 2385 1682 cum
2451 1614 2688 1680 intimo
2714 1590 2934 1654 departs.

583 1722 795 1787 cordis
838 1722 1080 1789 affectu
1126 1721 1369 1786 iterum
1411 1719 1756 1786 benedixit
1807 1741 1885 1787 ac
1929 1718 2197 1784 dimisit.
2273 1716 2689 1803 Veniensque

585 1824 765 1889 domi
810 1824 1025 1890 tribus
1069 1823 1407 1889 mensibus
1451 1823 1699 1888 mansit
1759 1821 2127 1899 incolumiS,
2174 1824 2450 1907 excepto
2514 1818 2690 1905 quod

580 1930 778 2012 gutta
851 1926 1135 2012 pessima
1192 1947 1344 1990 eum
1417 1924 1793 2011 frequenter
1856 1945 1975 1989 suo
2043 1922 2313 1988 stimulo
2380 1922 2688 2009 pulsavit.

585 2028 738 2113 Ipse
783 2028 1066 2115 denique
1110 2028 1387 2095 Psalmis
1447 2028 1803 2106 usualibus,
1851 2032 1921 2093 et
1965 2026 2371 2093 orationibus
2438 2047 2693 2111 semper
2717 2035 2816 2118 ῌὶε
2839 2041 2989 2091 home

587 2136 731 2197 erat
791 2132 1107 2209 intentus,
1156 2138 1222 2198 et
1287 2132 1376 2199 ad
1417 2154 1496 2198 ea
1555 2153 1704 2218 quae
1772 2132 2003 2197 futura
2047 2135 2238 2196 erant
2297 2151 2690 2216 magnopere
2716 2108 2820 2160 me·

587 2238 915 2299 extentus,
1007 2234 1321 2299 Pervenit
1382 2234 1456 2299 in
1519 2255 1599 2299 ea
1663 2233 1951 2299 sanitate
2012 2253 2220 2318 usque
2282 2232 2369 2297 ad
2429 2237 2692 2316 tempus

586 2335 716 2400 sibi
778 2336 1325 2414 amantissimum,
1371 2336 1561 2402 verni
1628 2335 1893 2413 scilicet,
1957 2334 2031 2400 in
2089 2355 2221 2419 quo
2281 2355 2417 2399 non
2478 2332 2693 2398 solum

588 2438 874 2506 decimas
941 2460 1177 2518 rerum,
1249 2439 1366 2505 sed
1439 2439 1644 2504 etiam
1720 2439 1979 2504 dierum
2054 2436 2331 2504 sollicite
2404 2435 2693 2502 Domino

585 2541 849 2606 curavit
890 2540 1257 2627 persolvere
1301 2562 1572 2606 summo.

678 2642 778 2709 Ea
819 2647 1215 2729 tempestate
1262 2665 1394 2729 qua
1438 2642 1571 2709 duo
1617 2641 1983 2709 ebdomada
2045 2640 2408 2729 transgessi
2476 2631 2776 2707 essent'A
2799 2646 2917 2697 visit
2926 2646 2998 2725 ‚of

592 2768 634 2812 a
678 2751 974 2832 tempore
1051 2744 1634 2833 Quadragesimali,
1698 2746 2018 2832 praedixit
2091 2766 2161 2811 se
2235 2715 3032 2846 AEthelwinus,{<³,t¹1¹{³gss¹s¹‡y‚

588 2870 863 2915 summae
907 2847 1436 2916 mansuetudinis
1479 2847 1602 2927 vir,
1648 2847 1736 2913 ad
1781 2848 2129 2936 Ramesige
2173 2869 2520 2935 properare
2580 2870 2699 2916 na-

588 2953 770 3039 vigio
831 2975 980 3020 cum
1024 2952 1216 3019 sociis
1275 2952 1520 3038 paucis,
1566 2951 1762 3018 sicuti
1826 2951 2076 3018 factum
2122 2957 2239 3018 est.
2332 2951 2494 3017 Fuit
2538 2974 2699 3038 quo-

587 3077 715 3140 que
759 3055 834 3119 in
862 3054 1091 3121 eodem
1121 3053 1262 3120 loco
1291 3054 1641 3119 Dominica
1670 3052 1794 3129 die,
1828 3074 1960 3138 qua
2004 3052 2162 3118 ordo
2207 3051 2697 3132 ecclesiasticus

596 3154 793 3223 Oculi
852 3154 991 3222 mei
1033 3177 1288 3241 semper
1350 3156 1444 3221 ad
1489 3154 1887 3231 Dowvfflwm,
1952 3155 2356 3220 decantatur.
2451 3155 2697 3221 Triduo

591 3257 768 3320 enim
843 3255 940 3320 ibi
1030 3254 1391 3340 permansit
1465 3255 1536 3318 in
1624 3254 1883 3339 magnis
1956 3255 2462 3321 necessitatibus
2559 3278 2696 3321 suae

592 3357 848 3433 animae,
914 3356 1102 3440 quasi
1161 3377 1300 3442 prae
1345 3355 1550 3421 oculis
1595 3355 1902 3421 habendo
1945 3357 2121 3421 diem
2182 3357 2429 3422 mortis.
2523 3358 2698 3425 Con-

590 3456 785 3525 cessit
829 3456 1144 3522 fratribus
1188 3456 1477 3544 plurima
1521 3456 1709 3535 dona,
1740 3478 1820 3523 ac
1861 3457 2113 3543 majora
2156 3458 2460 3544 promisit
2501 3459 2696 3539 idem,

593 3559 908 3625 ducentas
969 3579 1231 3624 mansas
1295 3557 1436 3623 sine
1504 3579 1666 3624 auro
1734 3563 1806 3624 et
1849 3563 2139 3645 argento.
2241 3559 2497 3640 Quarta
2540 3582 2699 3627 vero

592 3660 776 3739 feria,
850 3660 1157 3739 dilucu10‚
1234 3659 1605 3746 postulavit
1693 3665 1851 3726 ante
1927 3660 2281 3728 Missarum
2357 3663 2700 3730 sollemnia

593 3765 939 3843 celebrare,
992 3764 1368 3830 astantibus
1444 3763 1775 3850 pmclaris
1842 3765 2021 3831 natis
2101 3765 2423 3833 Eadwino
2497 3772 2697 3853 atque
2722 3788 2922 3851 aecqm-

595 3866 1024 3933 AEdelwerdO.
1149 3865 1516 3933 celebratis
1579 3866 1935 3933 Missamm
1981 3866 2224 3946 officiiS,
2272 3869 2489 3934 exivit
2553 3875 2700 3935 tota
2722 3841 2997 3958 ffigdinby

595 3968 837 4034 mentis
919 3967 1270 4034 devotione
1364 3967 1776 4053 pedetentim
1856 3968 1946 4033 ad
2015 3968 2225 4034 altare
2295 3969 2547 4035 Christi
2631 3975 2701 4036 et
2722 3976 2824 4024 and
2841 3974 3017 4024 AEdel-

596 4070 824 4137 Sancti
870 4070 1230 4148 Benedicti,
1284 4070 1473 4157 quasi
1516 4070 1604 4135 ad
1650 4069 1843 4137 fidele
1889 4071 2346 4157 patrocinium.
2438 4073 2699 4139 Dilexif,
2722 4042 2874 4092 Μ’·

592 4173 958 4260 praesertim
1022 4172 1240 4258 ipsum
1308 4194 1445 4258 prae
1512 4173 1768 4240 caeteris
1838 4172 2116 4251 Sanctis,
2181 4174 2422 4241 idcirco
2485 4174 2700 4241 multa

592 4276 655 4341 ei
727 4275 969 4342 tribuit
1042 4276 1202 4361 quia
1288 4275 1576 4341 multum
1653 4298 1806 4341 eum
1881 4275 2155 4356 dilexit;
2243 4283 2444 4363 atque
2520 4299 2700 4364 quae·

596 4399 855 4464 cunque
930 4378 1210 4444 vidisset
1281 4378 1461 4443 illius
1537 4378 1803 4457 ordiniS,
1881 4400 2139 4465 semper
2212 4401 2363 4445 cum
2452 4379 2699 4448 honore

593 4482 829 4547 tenuit.
921 4480 1125 4560 Vitia,
1157 4482 1348 4567 siqua
1394 4487 1627 4559 essent,
1673 4501 2094 4567 nequaquam
2139 4480 2408 4548 volebat
2450 4485 2698 4563 audire,

595 4583 712 4649 sed
756 4582 1151 4669 prohibebat
1191 4584 1631 4650 narrantibus
1726 4583 2076 4650 Laudabat
2103 4583 2385 4671 vigilias,
2421 4586 2698 4674 jejunia,

596 4691 666 4752 et
710 4686 1054 4766 orationes,
1100 4686 1476 4754 castitatem
1537 4691 1607 4751 et
1666 4686 2242 4772 perseverantiam,
2290 4687 2422 4779 qui,
2492 4690 2702 4756 nobili

596 4788 928 4877 sapientia
969 4788 1285 4869 imbutus,
1354 4789 1606 4858 sciebat
1650 4789 1811 4875 quia
1855 4810 2001 4857 ‘non
2062 4788 2303 4857 omwia
2339 4811 2703 4877 pomus

2100 4950 2109 4957 .
2221 4910 2268 4959 o
2297 4909 2344 4961 G
2390 4898 2431 4960 2
