3600 5800
912 871 1043 936 522
1772 885 2147 938 APPENDIX.

1897 1084 2024 1150 ΙΙΙ.

999 1210 1302 1292 Quodam
1376 1209 1585 1296 igitur
1651 1210 2219 1299 Quadragesimali
2294 1220 2590 1302 tempore
2668 1216 3015 1303 episeopus

909 1314 1326 1400 supradictus
1370 1335 1680 1401 magnam
1725 1314 1812 1379 ad
1857 1337 1926 1380 se
1971 1338 2364 1404 congregare
2400 1319 2607 1405 jussit
2649 1340 3015 1406 pauperum

908 1421 1217 1494 turmam,
1264 1416 1505 1501 quibus
1564 1438 1743 1481 more
1790 1417 1985 1483 solito
2051 1418 2303 1504 largam
2350 1421 2673 1487 tribueret
2718 1421 3014 1486 elemosi-

577 1525 687 1576 'rho
700 1540 819 1576 oure
834 1522 894 1576 of
908 1539 1081 1586 nam.
1174 1518 1362 1583 Inter
1406 1539 1569 1604 quos
1614 1519 1886 1604 quidam
1931 1521 2391 1607 pauperrimus
2436 1527 2581 1590 erat
2597 1522 2623 1561 ¹
2667 1523 3015 1602 adductae,

577 1592 843 1709 &gudam
908 1622 1026 1707 qui
1071 1642 1112 1687 a
1156 1643 1279 1687 sua
1320 1620 1680 1687 nativitate
1726 1627 1871 1687 erat
1915 1627 2157 1701 mutue,
2204 1629 2405 1710 atque
2450 1625 2750 1691 horribili
2796 1627 3019 1693 tinnia

909 1724 1008 1788 ita
1031 1721 1056 1762 ²
1099 1723 1335 1808 plenus
1379 1728 1460 1787 ut
1501 1745 1832 1809 nusquam
1877 1724 2013 1809 pili,
2061 1725 2177 1790 sed
2222 1727 2412 1812 quasi
2472 1725 2769 1812 porcini‚⁸
2811 1749 3015 1814 appa·

908 1831 1130 1890 rerent
1173 1825 1247 1889 in
1314 1831 1465 1892 cute
1524 1847 1658 1892 sua.
1751 1826 1953 1892 Hune
2021 1849 2175 1915 ergo
2243 1850 2600 1916 pauperem
2671 1831 3015 1917 episeopus

908 1928 996 1994 ad
1064 1927 1402 1994 ecelesiam
1447 1928 1600 1995 duci
1667 1929 2001 2016 praeeepit,
2047 1936 2250 2016 atque
2320 1931 2514 1996 illum
2577 1933 2651 1996 in
2696 1932 3016 2018 Omnipo-

910 2031 1117 2097 tentis
1134 2029 1162 2068 4
1233 2032 1500 2096 nomine
1573 2032 1916 2117 adjuravit
1989 2036 2067 2098 ut
2142 2033 2350 2100 verba
2423 2039 2601 2101 reete
2676 2034 3012 2121 proferret.

911 2133 1072 2198 Mox
1140 2154 1294 2220 ergo
1369 2138 1594 2198 mutus
1661 2134 1866 2201 verba
1939 2135 2330 2203 inconsueta
2392 2136 2694 2224 protulit,
2758 2142 2828 2203 et
2896 2138 3015 2223 qui

908 2240 1066 2301 ante
1126 2234 1281 2320 pilis
1325 2235 1398 2300 in
1462 2235 1680 2323 eapite
1725 2236 2065 2304 maculoso
2128 2238 2360 2317 caruit,
2405 2260 2564 2304 mox
2627 2238 3015 2325 capillorum

909 2326 1123 2423 eriepo
1186 2337 1590 2404 induebatur
1657 2338 1875 2426 pilleo,
1923 2339 2155 2427 fugato
2224 2340 2396 2407 eutis
2462 2342 2744 2408 candore
2810 2341 3014 2419 vario,

909 2461 1239 2529 sanusque
1284 2440 1488 2507 rediit
1506 2440 1531 2479 ³
1576 2441 1847 2507 domum
1894 2442 2288 2510 benedicens
2336 2444 2634 2529 [nomen]
2680 2442 2970 2510 Domini.

1917 2647 2031 2713 IV.

998 2769 1158 2837 Post
1200 2771 1343 2839 haee
1359 2769 1386 2810 ⁶
1428 2772 1639 2859 igitur
1668 2772 2017 2838 Wilfridus
2048 2774 2412 2861 episeopus,
2445 2774 2560 2860 qui
2604 2774 2803 2861 longo
2846 2777 3013 2839 tem-

909 2893 1067 2961 pore
1111 2873 1197 2940 ab
1243 2873 1626 2961 episcopatu
1671 2897 1791 2942 suo
1822 2875 2073 2962 ejectus
2116 2876 2264 2957 fuit,
2311 2898 2354 2944 a
2396 2875 2695 2944 Romano
2741 2876 3017 2944 coneilio

578 2980 653 3060 Sy-
678 2980 834 3040 John,
909 2980 980 3042 et
1022 2997 1066 3043 a
1108 2976 1376 3041 domino
1422 2976 1605 3064 Papa
1648 2977 1922 3045 ecelesia
1940 2977 1965 3019 ⁷
1994 2984 2265 3066 aceepta
2307 2980 2382 3044 in
2410 2980 2697 3067 patriam
2736 2979 3016 3057 revenit,

573 3048 757 3167 {22¹3
774 3046 837 3098 of
908 3082 980 3145 et
1024 3079 1477 3167 episcopatum
1523 3079 2130 3168 Haugustoldensis
2176 3081 2463 3149 eeclesiae
2482 3079 2509 3119 ⁸
2552 3103 2703 3149 oum
2734 3081 3017 3147 sinodali

913 3181 1186 3249 oonsilio
1259 3181 1552 3270 recepit?
1598 3190 1667 3249 et
1730 3184 2017 3251 Sanetus
2083 3184 2132 3250 J
2132 3185 2424 3251 ohannes
2484 3185 2560 3250 in
2624 3184 3019 3251 Eboraeensi

919 3285 1197 3352 civitate
1258 3285 1706 3372 episcopatum
1755 3286 2028 3373 aceepit,
2076 3291 2146 3352 et
2204 3286 2398 3353 annis
2442 3286 2689 3374 viginti
2708 3283 2761 3325 ¹⁰
2802 3286 3019 3352 tribus

912 3386 1230 3454 nobiliter
1273 3386 1566 3454 tenuit.¹¹

1898 3502 2032 3570 V.¹²

576 3637 686 3689 'rho
708 3651 827 3689 cure
1001 3627 1154 3715 Ipse
1199 3629 1404 3697 etiam
1448 3631 1791 3717 episeopus
1822 3631 2108 3718 quodam
2156 3634 2450 3718 tempore
2481 3632 2612 3698 iter
2654 3632 2899 3699 faciens
2928 3634 3017 3700 ad

571 3704 819 3823 {flffiff'
918 3732 1251 3818 quoddam
1300 3733 1662 3819 [pervenit]
1687 3729 1740 3772 ¹⁸
1781 3733 2259 3800 monasterium
2277 3732 2332 3773 ¹⁴
2374 3735 2447 3800 in
2508 3756 2639 3820 quo
2682 3735 3020 3802 abbatissa

918 3835 1318 3913 morabatur,
1389 3835 1779 3903 Hereburhe
1845 3837 2129 3915 nomine,
2191 3857 2342 3903 eum
2417 3837 3019 3906 sanctimonialium

979 4082 997 4116 ¹
1029 4082 1164 4148 erat]
1197 4089 1287 4144 eut,
1310 4083 1387 4133 M.
2081 4084 2103 4117 ⁹
2135 4085 2323 4149 recepit
2345 4084 2420 4150 et]
2448 4085 2666 4151 aceepit,
2686 4086 2748 4139 T.

975 4162 999 4195 ²
1027 4161 1136 4228 ita]
1165 4176 1264 4213 om.
1287 4163 1364 4212 M.
2083 4161 2123 4195 ¹⁰
2157 4163 2361 4230 viginti]
2424 4163 2651 4231 triginta,
2681 4165 2770 4218 the
2824 4175 3019 4221 eon-eet

976 4241 999 4276 ³
1025 4241 1249 4309 por-cini]
1293 4239 1513 4305 porcinae
1547 4248 1689 4304 setoe,
1708 4239 1772 4293 T.
1812 4242 1914 4292 and
2013 4241 2247 4309 reading,
2268 4242 2332 4293 T.

911 4323 1017 4382 M.;
1053 4321 1186 4372 velut
1207 4320 1405 4372 instead
1428 4320 1487 4373 of
1501 4322 1669 4386 quasi,
1687 4321 1763 4372 Μ.
2081 4319 2117 4353 ¹¹
2153 4323 2333 4389 mit]
2361 4321 2513 4386 rexit,
2533 4322 2599 4373 Τ.

957 4401 999 4433 ’4
1038 4399 1417 4466 omnipotentis]
1447 4400 1562 4461 Dei,
1589 4401 1682 4452 im.
1704 4401 1765 4452 Τ.
2081 4399 2120 4433 ¹²
2152 4403 2211 4451 Τ.
2252 4417 2375 4452 runs
2420 4401 2652 4466 chapters
2692 4402 2795 4455 IV.
2819 4405 2920 4455 and
2951 4406 3017 4456 V.

977 4482 999 4514 ὅ
1030 4479 1206 4546 rediit]
1236 4479 1385 4542 redit,
1406 4480 1468 4531 Τ.
2012 4480 2265 4547 together,
2310 4481 2412 4530 and
2455 4478 2636 4548 begins
2675 4497 2784 4547 eap.
2819 4483 2920 4534 VI.
2954 4499 3014 4535 as

977 4559 999 4592 ⁶
1033 4557 1161 4608 Post
1182 4557 1311 4624 11ωο]
1342 4559 1639 4624 Postquam,
1660 4560 1721 4610 T.
2011 4563 2045 4588 ‘⁴
2066 4558 2247 4610 Lectio
2271 4558 2378 4609 V.’'

976 4636 999 4675 7
1033 4637 1274 4703 ecclesia]
1303 4636 1532 4702 epistola,
1552 4638 1614 4688 T.
2081 4636 2121 4670 ¹⁸
2146 4636 2396 4704 pervenit]
2427 4639 2521 4688 ins.
2544 4637 2677 4689 from
2699 4639 2758 4690 T.

977 4715 1000 4749 ⁸
1032 4714 1486 4780 Hauqustoldemis
1519 4713 1765 4781 ecclesia]
1804 4715 1914 4768 Ha·
2080 4716 2121 4747 ¹⁴
2164 4716 2536 4785 monasterium]
2590 4717 2869 4786 vulgariter
2923 4735 3014 4771 no·

909 4796 1307 4863 waldensem,
1327 4796 1390 4847 T.
2012 4794 2150 4846 mine
2174 4797 2490 4848 Huuetedun
2512 4804 2766 4860 vocatum,
2790 4800 2885 4848 im.
2912 4798 2977 4851 T.
