3600 5800
1310 919 1629 970 AUCTORE
1674 920 2030 969 ANONYMO.
2592 907 2720 970 419

619 1102 734 1167 sed
783 1103 974 1169 flexis
1019 1103 1399 1189 poplitibuS,
1443 1111 1524 1170 ut
1582 1106 1879 1192 plerique
1924 1105 2212 1192 religiosi
2258 1104 2564 1183 monachi
2621 1124 2722 1170 so·
2748 1115 2991 1167 Oswald’s

619 1200 776 1281 lent,
807 1204 1055 1271 centies
1100 1205 1173 1269 in
1216 1205 1342 1284 die,
1372 1207 1617 1273 centies
1649 1207 1722 1272 in
1764 1213 1957 1275 nocte
2005 1230 2124 1295 pro
2172 1208 2457 1294 peccatis
2503 1227 2688 1274 orare
2708 1228 2725 1284 ;
2747 1183 2955 1315 {fflffi‘g

618 1303 713 1369 sic
778 1309 849 1370 et
914 1304 1058 1384 iste,
1102 1307 1436 1372 curvando
1505 1328 1724 1393 genua
1786 1330 1924 1387 sua,
1972 1309 2236 1376 veniam
2304 1314 2373 1375 et
2437 1308 2721 1396 gratiam
2746 1317 2850 1366 and
2873 1332 3023 1382 pray-

619 1410 886 1471 aeternae
930 1405 1407 1474 benedictionis
1466 1408 1678 1474 Jhesu
1728 1409 2036 1476 altissimi
2095 1410 2475 1498 promeruit,
2521 1430 2722 1496 quam
2747 1397 2846 1433 ⁰¹⁸·

619 1527 742 1573 nec
785 1507 858 1572 in
902 1509 1215 1595 praesenti
1258 1509 1418 1587 vita,
1465 1531 1678 1596 neque
1737 1512 1810 1576 in
1854 1511 2080 1578 futuro
2131 1512 2373 1580 saeculo
2414 1513 2721 1579 amittere

619 1609 857 1695 potuit.
949 1610 1251 1677 Fuerunt
1295 1611 1371 1676 in
1412 1613 1674 1699 angulis
1718 1619 1965 1680 sanctae
2010 1615 2244 1680 domus
2288 1636 2425 1681 suae
2469 1614 2722 1700 lapides
2763 1619 2766 1623 ’

621 1711 895 1797 pretiosi
953 1712 1172 1798 positi,
1218 1713 1334 1799 qui
1378 1734 1524 1779 eam
1585 1735 1670 1780 ne
1733 1714 1964 1782 cadere
2008 1714 2331 1781 valuisset
2390 1719 2722 1781 sustenta·

620 1813 786 1878 bant
826 1813 1121 1894 firmiter,
1166 1819 1249 1880 ut
1290 1814 1515 1880 nullus
1559 1816 1666 1881 vis
1709 1816 2140 1902 pessimorum
2185 1822 2538 1883 ventorum
2581 1816 2721 1903 agi-

619 1916 750 1982 tari
794 1923 1032 2002 posset.
1148 1916 1328 1995 Erat,
1372 1923 1452 1983 ut
1493 1918 1660 1983 libet
1705 1918 1850 1997 fari,
1890 1918 1975 1985 in
2016 1918 2285 1987 deoetera
2332 1917 2477 2004 ejus
2518 1917 2724 2005 azyma
2749 1927 2915 2007 Dent,

617 2015 738 2096 zea),
789 2017 876 2086 {m
926 2017 1218 2087 siniam
1271 2019 1473 2086 acm
1522 2019 1786 2089 divitae
1838 2027 1899 2088 et
1937 2019 2179 2107 yzma.
2272 2019 2498 2108 Ooepit
2541 2042 2722 2086 more
2747 2000 3007 2112 3333}

618 2124 864 2186 sanotae
908 2122 1289 2188 monasticae
1347 2121 1512 2208 legis
1570 2123 1950 2189 memoriter
1998 2143 2363 2210 agnoscere,
2409 2129 2479 2189 et
2522 2123 2721 2191 eccle-
2754 2132 2830 2178 16-

618 2220 885 2288 siastica
958 2222 1250 2310 digniter
1321 2221 1534 2290 officia
1590 2225 1911 2303 retinere3
1977 2224 2370 2301 desiderans,
2434 2223 2723 2292 Domino
2748 2206 2834 2323 ἐξ
2855 2208 3026 2324 {5322}

616 2323 973 2392 clementer
1014 2329 1394 2404 annuente„
1414 2326 1488 2391 in
1547 2326 1766 2413 patria
1827 2326 2055 2393 docere
2118 2326 2272 2406 saie,
2319 2347 2468 2411 quae
2532 2332 2725 2393 extra
2746 2338 2815 2403 by
2837 2339 2997 2391 beart.

619 2428 960 2514 proprium
1005 2428 1218 2495 solum
1264 2428 1501 2495 didicit
1544 2430 1632 2495 ab
1678 2429 2027 2496 extraneis,

706 2529 974 2595 Direxit
1023 2535 1213 2618 pater
1255 2532 1668 2598 venerandus
1713 2538 1865 2618 post
1908 2553 2061 2597 eum
2104 2531 2476 2599 veredarios
2496 2544 2529 2580 ὃ
2572 2553 2722 2599 cum
2750 2543 2867 2594 odo
2889 2545 3044 2594 sends

615 2631 953 2698 immensis
1019 2633 1423 2711 muneribuS,
1497 2634 1672 2703 sicut
1738 2633 1972 2701 solitus
2057 2639 2217 2712 erat,
2293 2634 2409 2720 qui
2482 2635 2724 2700 humili
2746 2625 3065 2727 ffieffigngers

613 2755 804 2821 prece
847 2735 1241 2823 flagitabant
1273 2737 1619 2823 praesulem
1649 2735 1831 2802 illius
1874 2736 2018 2817 loci,
2056 2736 2397 2822 omnisque
2441 2743 2724 2804 catervae
2749 2749 2803 2793 to
2825 2693 3012 2834 mutg

612 2827 1199 2926 congregationem,
1244 2844 1327 2906 ut
1385 2839 1599 2905 filium
1643 2839 1732 2907 ad
1795 2845 2052 2927 patrem
2117 2838 2478 2927 dirigerent
2535 2843 2723 2906 ante·
2747 2809 2998 2927 2323}ss

613 2962 814 3027 quam
889 2964 974 3007 ex
1058 2942 1185 3010 hac
1256 2943 1404 3009 vita
1475 2943 1808 3011 transiret.
1928 2942 2109 3009 Inito
2190 2942 2462 3009 consilio
2534 2949 2725 3029 pater
2749 2944 2999 3010 England.

614 3044 933 3130 gloriosus
983 3067 1135 3113 cum
1194 3046 1538 3112 commisso
1601 3044 1730 3127 sibi
1795 3045 2059 3131 agmine
2104 3049 2173 3109 et
2239 3050 2470 3112 sancta
2535 3044 2725 3129 plebe

616 3145 869 3213 Christi
900 3147 984 3212 de
1019 3146 1201 3211 illius
1245 3146 1668 3233 profectione,
1704 3145 1823 3212 alii
1863 3145 2129 3221 flebant,
2176 3144 2292 3212 alii
2336 3146 2724 3232 gemebant:
2750 3163 2861 3213 The
2882 3179 3035 3242 scene

613 3267 749 3312 non
794 3248 1187 3314 mirabiliter
1229 3248 1605 3315 contristati
1648 3251 1824 3324 sunt,
1870 3247 1986 3311 sed
2030 3246 2194 3311 felix
2245 3246 2451 3312 frater
2495 3266 2721 3312 eorum
2749 3237 2804 3279 ἠ
2825 3238 3042 3295 partnng.

613 3348 971 3434 gemitibus
1033 3349 1387 3427 condoluit,
1443 3349 1684 3435 quibus
1759 3348 2024 3435 optavit
2090 3347 2361 3413 Domini
2433 3348 2721 3414 consola-

614 3452 816 3517 tionis
874 3452 1218 3519 auxilium.
1332 3460 1370 3489 “
1392 3452 1468 3518 Si
1528 3450 1757 3529 enim‚''
1818 3451 2043 3536 inquit
2087 3450 2215 3527 ille,
2264 3458 2299 3486 “
2315 3450 2549 3516 absens
2612 3473 2723 3516 ero

614 3560 648 3590 ‘⁶
693 3552 884 3619 vobis
929 3574 1239 3640 corporea
1281 3553 1553 3632 visione,
1584 3574 1871 3639 praesens
1916 3574 2029 3619 ero
2067 3552 2310 3618 mentis
2353 3553 2721 3631 dilectione,

615 3663 649 3691 ‘⁸
696 3655 857 3740 quia
896 3655 1182 3741 pleniter
1226 3660 1514 3723 vestram
1559 3654 1771 3721 habeo
1814 3654 2099 3740 gratiam
2145 3654 2671 3722 benedictionis.'’
2698 3656 2721 3694 ¹

701 3757 1026 3825 Veniente
1101 3779 1179 3825 eo
1244 3759 1333 3825 ad
1398 3758 1612 3845 ripam
1674 3757 2018 3843 fluctivagi
2081 3757 2289 3842 ponti,
2349 3779 2499 3825 cum
2561 3758 2721 3824 socii

610 3861 972 3948 gaudentes
1030 3860 1357 3948 prosperis
1409 3859 1728 3928 calcaneis
1772 3858 2237 3945 ingrediuntur
2280 3859 2527 3937 navim,
2574 3859 2719 3945 qui-

610 3964 736 4029 bus
780 3985 818 4029 e
877 3963 1130 4050 superis
1174 3962 1351 4031 caelis
1393 3961 1690 4049 Angelus
1734 3961 1941 4039 venit,
1988 3961 2104 4048 qui
2164 3982 2274 4027 eos
2337 3961 2507 4027 mira
2570 3982 2718 4046 pro-

610 4066 782 4152 tegit
854 4065 1240 4145 munitione,
1315 4064 1490 4133 sicut
1561 4063 1809 4150 legitur
1882 4064 1956 4128 in
2030 4062 2298 4128 Divinis
2365 4062 2717 4141 codicibus,

610 4167 853 4255 Angeli
905 4168 1082 4234 enim
1127 4172 1288 4233 sunt
1347 4166 1828 4232 ministratores
1890 4185 2114 4231 eorum
2175 4164 2302 4251 qwi
2365 4162 2717 4232 hoereclaeltae
2741 4174 3050 4229 Hebr.i.14.

610 4275 742 4339 tem
812 4269 1104 4357 mpiswnt
1177 4275 1442 4337 oeteo-noe
1513 4266 1773 4335 salutis.
1917 4265 2220 4353 Cumque
2295 4266 2450 4333 salsi
2520 4266 2717 4333 maris
2741 4281 2825 4333 On
2846 4285 3021 4334 reach-

610 4393 942 4438 enormem
1027 4376 1306 4459 pontum
1393 4369 1887 4458 pertransirent,
1950 4354 2022 4435 et
2085 4367 2173 4435 ad
2248 4373 2515 4454 portum
2581 4367 2717 4434 Do.
2742 4345 2833 4413 1‘1113
2854 4349 3031 4401 Dover

607 4476 1022 4542 rovernensis
1117 4472 1446 4542 urbeculae
1540 4471 2164 4559 appropinquarent,
2247 4470 2534 4537 audiunt
2618 4470 2722 4535 in-
2744 4415 3014 4559 &efficiar

609 4579 1075 4647 consolabilem
1143 4577 1433 4646 dolorem
1497 4576 1674 4661 quod
1740 4595 2037 4641 summus
2103 4577 2383 4660 patruus
2447 4596 2534 4642 ex
2595 4572 2721 4642 hoc
2742 4548 2927 4667 ffiffl'

1259 4697 1282 4722 ⁸
1304 4687 1600 4743 manoe]
1626 4688 1835 4740 nuntios.
1849 4687 2012 4735 eata-e.
2739 4681 2908 4736 death.

1199 4831 1214 4863 ¹
1250 4828 1632 4897 benedictionis]
1662 4827 1745 4881 Tu
1768 4835 1957 4891 autem,
1979 4827 2145 4879 ἕπεο-1.

2227 4925 2277 4974 n
2306 4926 2356 4976 D
2402 4914 2446 4977 2
