3600 5800
963 897 1095 962 532
1836 910 2205 961 APPENDIX.

960 1105 1214 1161 habeus
1236 1103 1595 1160 cimiterium
1652 1102 1857 1159 Sancti
1911 1102 2221 1159 Michaelis
2271 1100 2650 1175 Archangeli,
2709 1103 2774 1158 in
2818 1120 2935 1175 qua
2982 1102 3078 1159 vir

962 1189 1074 1246 Dei
1107 1187 1318 1261 saepius
1353 1188 1456 1244 ubi
1503 1188 1908 1261 opportunitas
1944 1187 2238 1244 arridebat
2270 1188 2575 1261 temporie,
2615 1192 2677 1245 et
2720 1188 2976 1245 maxime
3010 1187 3076 1244 in

962 1271 1437 1344 Quadragesima,
1477 1289 1715 1327 manere
1769 1289 1906 1327 cum
1957 1270 2183 1343 paucis,
2220 1275 2398 1343 atque
2448 1270 2807 1327 orationibus
2842 1288 2909 1326 ac
2963 1271 3079 1327 lec·

960 1356 1109 1412 tioni
1184 1355 1414 1427 quietus
1472 1373 1711 1428 operam
1771 1356 1910 1412 dare
1980 1359 2375 1411 consueverat.
2492 1355 2755 1427 Cumque
2814 1358 3079 1426 tempore

967 1439 1235 1512 quodam,
1275 1438 1594 1511 incipiente
1631 1437 2108 1509 Quadragesima,
2149 1436 2368 1493 ibidem
2404 1455 2712 1494 mansurus
2747 1437 3075 1504 adveniret,

962 1524 1141 1598 jussit
1177 1522 1298 1580 suis
1350 1539 1609 1594 quaerere
1656 1539 1972 1594 pauperem
2023 1520 2275 1591 aliquem
2310 1520 2531 1593 majore
2584 1520 2931 1578 infirmitate
2980 1520 3077 1577 vel

964 1609 1164 1682 inopia
1197 1613 1528 1680 gravatum,
1556 1624 1728 1679 quem
1765 1624 1966 1663 secum
1989 1606 2208 1662 habere
2242 1605 2365 1660 illis
2400 1604 2609 1662 diebus
2632 1606 2707 1662 ad
2742 1605 3075 1663 faciendam

963 1693 1340 1751 elemosinam
1394 1697 1661 1765 possent:
1725 1691 1811 1747 sic
1863 1690 2022 1746 enim
2074 1707 2303 1762 semper
2354 1691 2545 1746 facere
2598 1690 2837 1747 solebat.
2931 1692 3077 1746 Erat

965 1785 1160 1836 autem
1195 1778 1261 1832 in
1294 1776 1438 1833 villa
1471 1794 1591 1832 non
1626 1776 1801 1847 lon'ge
1836 1775 2028 1848 posita
2062 1774 2301 1846 quidam
2339 1775 2675 1832 adolescens
2709 1781 2929 1842 mutus,
2956 1775 3078 1848 epi-

965 1881 1139 1937 scopo
1188 1870 1377 1928 notus,
1430 1879 1569 1918 nam
1620 1856 1837 1934 saepius
1887 1866 2024 1916 ante
2076 1859 2249 1915 illum
2303 1860 2693 1933 percipiendae
2746 1861 3080 1918 elemofflnae

629 1952 741 2006 The
762 1954 902 2005 heal-
964 1948 1159 2020 gratia
1214 1947 1418 2004 'venire
1477 1951 1881 2012 consueverat,
1940 1944 2045 2016 qui
2091 1963 2169 2002 ne
2218 1962 2403 2000 unum
2457 1944 2695 2017 quidem
2747 1962 3077 2002 sermonem

630 2022 721 2088 ing
743 2021 807 2070 Of
818 2022 907 2071 the
965 2051 1223 2109 unquam
1263 2032 1485 2105 profari
1539 2035 1800 2113 poterat;
1854 2027 1956 2086 sed
1993 2032 2052 2084 et
2106 2028 2359 2086 scabiem
2414 2035 2661 2096 tantam,
2700 2048 2769 2087 ac
2821 2031 3079 2090 furfures

629 2090 783 2142 ‘lumb
805 2103 939 2139 Μ
963 2116 1269 2175 habebat
1250 2136 1315 2172 ιιι
1371 2115 1583 2189 capite,
1620 2121 1691 2172 ut
1741 2114 1831 2170 nil
1879 2130 2144 2186 unquam
2196 2112 2545 2186 capillorum
2581 2115 2636 2172 ei
2687 2116 2751 2171 in
2790 2118 3079 2190 superiori

963 2208 1133 2277 parte
1182 2201 1393 2273 capitis
1440 2200 1605 2257 nasci
1655 2200 1900 2265 valeret,
1940 2204 2175 2255 tantum
2210 2199 2275 2254 in
2325 2199 2578 2257 circuitu
2611 2200 2836 2256 horridi
2891 2203 3080 2259 crines

967 2294 1123 2344 stare
1155 2285 1528 2342 videbantur.
1606 2284 1786 2342 Hunc
1822 2301 1963 2356 ergo
1997 2283 2212 2339 adduci
2245 2283 2529 2357 praecepit
2564 2284 2891 2357 episcopus,
2929 2292 2991 2343 et
3024 2287 3079 2343 ei

964 2373 1029 2428 in
1065 2371 1361 2443 conseptis
1394 2370 1658 2443 ejusdem
1692 2366 2013 2426 mansionis
2048 2384 2297 2439 parvum
2330 2367 2639 2440 tugurium
2673 2369 2817 2435 fieri,
2855 2370 2921 2425 in
2962 2389 3080 2442 quo

964 2474 1208 2513 manens
1259 2445 1690 2527 quotidianam'
1717 2454 1792 2511 ab
1842 2452 1930 2509 eis
1977 2451 2190 2523 stipem
2241 2453 2551 2526 acciperet.
2640 2453 2907 2526 Oumque
2959 2473 3081 2511 una

966 2540 1444 2612 Quadragesimae
1502 2544 1661 2596 esset
1718 2537 2046 2609 septimana
2104 2543 2362 2608 peracta,
2430 2542 2712 2609 sequente
2770 2538 3081 2596 Dominica

962 2621 1140 2693 jussit
1173 2619 1250 2675 ad
1286 2638 1348 2676 se
1371 2620 1591 2677 intrare
1623 2636 1971 2692 pauperem3
2021 2612 2093 2674 et
2134 2617 2403 2690 ingresso
2424 2633 2496 2673 eo
2529 2617 2798 2690 linguam
2820 2620 3079 2692 proferre

966 2719 1034 2755 ex
1072 2717 1194 2765 ore,
1220 2717 1289 2755 ac
1325 2699 1440 2755 sibi
1463 2698 1765 2756 ostendere
1791 2696 2006 2770 jussit3
2047 2704 2109 2754 et
2132 2696 2569 2770 apprehendens
2604 2715 2739 2753 eum
2762 2696 2835 2754 de
2857 2706 3079 2766 ment0,

964 2783 1201 2854 signum
1249 2788 1467 2839 sanctae
1521 2783 1711 2838 crucis
1762 2782 1987 2853 linguae
2038 2782 2166 2854 ejus
2201 2781 2516 2853 impressit,
2557 2798 2732 2852 quam
2782 2781 3081 2853 signatam

962 2885 1231 2924 revocare
1265 2867 1330 2923 in
1378 2885 1461 2933 os,
1501 2872 1563 2923 et
1613 2865 1779 2939 loqui
1814 2867 1989 2923 illum
2040 2866 2341 2940 praecepit.
2418 2869 2458 2894 ‘⁴
2476 2866 2731 2935 Dicito,”
2782 2866 3077 2941 inquiens,

966 2955 1006 2980 “
1045 2952 1280 3025 aliquod
1313 2954 1579 3009 verbum.
1655 2952 1853 3008 Dicito
1903 2951 2088 3019 Gae‚”
2127 2952 2283 3026 quod
2334 2957 2444 3020 est,
2482 2951 2691 3025 lingua
2722 2953 3077 3026 An‘glorum,

961 3038 1206 3094 verbum
1262 3036 1587 3095 affirmandi
1641 3042 1704 3093 et
1752 3036 2176 3104 consentiendi,-
2212 3037 2278 3093 id
2331 3043 2422 3093 est
2457 3036 2669 3093 Etiam.
2758 3037 2925 3095 Dixit
2974 3039 3081 3097 ille

964 3123 1182 3189 statim,
1221 3124 1412 3181 soluto
1445 3122 1685 3180 vinculo
1733 3122 1978 3194 linguae,
2014 3121 2171 3194 quod
2210 3121 2410 3195 jussus
2444 3127 2589 3177 erat.
2660 3120 2910 3179 Addidit
2957 3123 3079 3198 epi-

963 3225 1172 3280 scopus
1207 3208 1447 3265 nomina
1479 3206 1799 3265 literarum.
1876 3208 1917 3236 “
1937 3206 2131 3263 Dicito
2164 3203 2280 3262 A?
2351 3205 2517 3263 Dixit
2551 3205 2654 3263 ille
2676 3205 2752 3262 A.
2825 3210 2866 3237 “
2883 3208 3081 3267 Dicito

965 3293 1004 3321 “
1042 3291 1150 3348 132²
1220 3291 1389 3349 Dixit
1433 3291 1536 3349 ille
1585 3296 1647 3348 et
1678 3291 1807 3348 hoc.
1882 3288 2149 3362 Cumque
2202 3288 2438 3362 singula
2487 3289 2797 3347 literarum
2841 3292 3081 3351 nomina

964 3376 1198 3433 dicente
1230 3376 1503 3449 episcopo
1552 3373 1947 3448 responderet,
1986 3373 2214 3433 addidit
2262 3379 2325 3431 et
2358 3373 2612 3447 syllabas
2664 3392 2735 3433 ac
2772 3376 2958 3435 vem-ba
2992 3378 3080 3436 di-

963 3459 1148 3517 cenda
1181 3460 1274 3517 illi
1296 3478 1635 3534 proponere.
1709 3461 1788 3518 Et
1823 3477 1958 3517 cum
1991 3459 2059 3516 in
2093 3456 2364 3517 omnibus
2388 3466 2809 3534 consequenter
2842 3480 3081 3537 respon·

965 3546 1144 3612 deret,
1167 3548 1450 3621 praecepit
1484 3564 1622 3621 eum
1649 3545 1971 3604 sententias
1992 3545 2288 3618 longiores
2324 3543 2549 3614 dicere;
2589 3550 2652 3603 et
2674 3547 2851 3616 fecit3
2888 3566 3081 3623 neque

963 3634 1125 3690 ultra
1157 3635 1406 3692 cessavit
1438 3640 1566 3692 tota
1599 3634 1697 3692 die
1729 3633 1837 3690 illa
1871 3639 1933 3691 et
1965 3639 2138 3692 nocte
2171 3637 2473 3706 sequente,
2509 3639 2794 3706 quantum
2827 3633 3080 3709 vigilare

964 3718 1176 3790 potuit,
1213 3725 1285 3775 ut
1317 3720 1515 3777 ferunt
1549 3719 1653 3792 qui
1687 3723 2004 3792 praesentes
2038 3718 2220 3786 fuere,
2259 3717 2425 3790 loqui
2477 3718 2721 3794 aliquid,
2757 3724 2820 3777 et
2866 3736 3082 3780 arcana

964 3820 1086 3858 suae
1135 3802 1510 3875 cogitationis
1557 3821 1625 3860 ac
1675 3802 2015 3869 voluntatis,
2074 3802 2232 3874 quod
2282 3818 2587 3874 nunquam
2638 3808 2812 3861 antea
2863 3805 3077 3879 potuit,

967 3886 1099 3944 aliis
1149 3888 1492 3954 ostendere;
1544 3888 1609 3943 in
1643 3885 2095 3944 similitudinem
2142 3885 2306 3943 illius
2339 3885 2446 3942 diu
2478 3886 2674 3944 claudi
2710 3886 2813 3961 qui
2845 3895 3083 3948 curatus

966 3971 1040 4027 ab
1074 3969 1377 4044 Apostolis
1425 3971 1605 4028 Petro
1638 3976 1700 4028 et
1753 3970 1794 4027 J
1795 3972 2045 4039 ohanne
2088 3970 2332 4030 exiliens
2380 3970 2548 4028 stetit
2592 3976 2654 4028 et
2701 3973 3080 4043 ambulabat;
3086 3977 3091 3988 ⁴

628 4057 809 4112 Apo-tl.
824 4055 890 4102 iii.
902 4058 941 4102 8-
967 4060 1029 4111 et
1052 4054 1298 4111 intravit
1332 4072 1468 4111 cum
1491 4054 1651 4112 illis
1633 4073 1699 4111 m
1718 4055 2014 4151 templum
2049 4054 2355 4114 ambulans
2377 4060 2439 4111 et
2462 4053 2725 4124 exiliens,
2751 4061 2813 4113 et
2834 4056 3082 4116 laudans

968 4137 1325 4207 Dominum3
1376 4138 1637 4212 gaudens
1671 4136 1955 4195 nimirum
1989 4138 2083 4197 uti
2117 4137 2305 4196 officio
2338 4138 2576 4212 pedum,
2614 4158 2730 4214 quo
2752 4145 2919 4199 tanto
2954 4149 3085 4201 erat

967 4228 1230 4296 tempore
1265 4223 1596 4281 destitutus.
1669 4221 1855 4296 Cuius
1891 4221 2130 4281 sanitati
2164 4221 2535 4297 congaudens
2570 4223 2894 4322 episcopus,
2931 4243 3081 4301 prse-

968 4308 1125 4382 cepit
1159 4308 1339 4366 etiam
1375 4307 1647 4366 sanandae
1682 4306 1913 4366 medico
1948 4307 2278 4366 scabredini
2323 4299 2536 4382 capitis
2571 4308 2697 4382 ejus
2732 4327 2933 4368 curam
2980 4312 3080 4369 ad-

968 4392 1185 4451 hibere.
1259 4392 1447 4461 Fecit,
1473 4397 1544 4451 ut
1570 4392 1851 4465 jusserat,
1878 4397 1940 4449 et
1965 4393 2213 4466 juvante
2245 4392 2671 4463 benedictione,
2697 4412 2766 4452 ac
2788 4393 3081 4469 precibus,

965 4483 1075 4535 eto
1081 4477 1097 4510 1

1058 4561 1226 4631 Haec
1269 4561 1593 4630 miracula
1655 4562 1979 4651 praedicta
2044 4583 2134 4631 ex
2177 4562 2376 4633 dictis
2418 4563 2817 4633 venerabilis
2860 4563 3080 4649 Bedae,

1241 4712 1554 4719 -—.-———-
1850 4714 1969 4719 —--.-.
2104 4713 2363 4720 -.-.--.-----ὁ

1029 4782 1296 4851 ¹Exactly
1351 4800 1409 4837 as
1465 4784 1521 4837 ἱιι
1577 4787 1735 4852 Beda,
1778 4786 1848 4839 iv.
1914 4792 1963 4838 2.
2068 4786 2446 4852 sameauthor,
2466 4788 2955 4855 reproducedword
2992 4789 3077 4843 fer

965 4863 1112 4916 Then
1154 4864 1330 4917 follow
1367 4879 1513 4934 capp.
1538 4871 1569 4916 3
1591 4866 1692 4919 and
1715 4872 1748 4917 4
1784 4865 1847 4920 of
1876 4866 1966 4918 the
2044 4863 2223 4918 'wel-d.

1677 5045 1945 5112 f'ws't-
1976 5041 2219 5092 75&

1785 5095 1790 5106 ι
1944 5099 1968 5118 3»
1999 5093 2005 5100 ⁹
2046 5087 2051 5108 Ι
2130 5099 2159 5112 ⁴.-

1617 5131 1636 5144 ι
1667 5139 1670 5152 1
1707 5105 1819 5164 ι’ὁχ-ἱ“
1964 5115 1969 5124 ’
2014 5119 2023 5126 ‘
2050 5125 2067 5130 *²
2126 5129 2139 5142 ι.

1553 5147 1610 5188 ‘⁶‘
1633 5183 1636 5188 ,
1659 5153 1726 5206 >⁸⁷
2272 5155 2307 5171 '⁵'
2330 5175 2339 5184 e

1583 5197 1592 5208 ⁸
1787 5203 1809 5210 —
1834 5207 1917 5214 μιν.-
1938 5209 2003 5216 a.--
2106 5215 2115 5220 .
2140 5217 2167 5222 -

1473 5203 1481 5210 .
1563 5204 1604 5268 Ὠ,
2376 5249 2397 5272 „

1659 5545 1758 5588 χ..νι-
