3600 5800
939 864 1072 929 498
1806 878 2176 928 ArPstx,

600 1073 835 1136 mma,
937 1063 1141 1132 ceptus
1176 1065 1286 1117 est.
1359 1061 1472 1130 Qui
1523 1066 1659 1133 post
1711 1061 1979 1117 exhibita
2025 1079 2184 1117 veroe
2233 1061 2500 1118 caritatis
2550 1057 2621 1118 et
2653 1062 3044 1119 humanitatis

601 1155 715 1205 cap.
739 1139 897 1193 xxxi.
938 1140 1143 1205 officia,
1195 1156 1333 1195 cum
1383 1140 1620 1195 homine
1671 1139 1786 1194 Dei
1835 1139 2099 1196 residens
2148 1157 2388 1196 narrare
2437 1142 2619 1213 coepit
2666 1142 2741 1207 ei,
2792 1142 3045 1213 qualiter

601 1218 816 1269 wilfrid
937 1219 1166 1274 inimici
1201 1218 1465 1291 ejusdem
1499 1221 1824 1275 voluerunt
1845 1238 1983 1275 eum
2005 1219 2272 1291 perdere,
2298 1225 2361 1276 et
2395 1238 2457 1276 se
2494 1221 2572 1277 ad
2593 1221 3043 1277 internicionem

598 1299 722 1351 Μ
743 1291 799 1335 ῒῡ
939 1299 1067 1371 ejus
1121 1299 1331 1355 oblatis
1398 1300 1742 1355 muneribus
1789 1299 2109 1355 inflectere.
2185 1302 2223 1327 ‘⁴
2242 1298 2326 1355 At
2372 1300 2544 1370 eg0,”
2597 1299 2811 1371 inquit,
2864 1303 2905 1328 “
2926 1318 3045 1355 non

599 1351 981 1494 gffiffizu
943 1384 982 1410 ‘⁶
1020 1382 1328 1439 immemor
1376 1381 1521 1454 quid
1567 1382 1865 1439 fidelitatis
1918 1387 1979 1437 et
2044 1381 2321 1438 amicitiae
2370 1382 2664 1454 quondam
2704 1383 2769 1438 in
2814 1400 3046 1455 pagano

601 1484 724 1533 dux
941 1465 1275 1577 “quodam
1323 1482 1467 1537 rege
1503 1466 1844 1561 repererim,
1882 1483 2018 1522 cum
2067 1465 2141 1521 de
2194 1465 2386 1538 patria
2432 1484 2568 1522 mea
2611 1466 2851 1538 pulsus¹
2890 1465 3045 1539 apud

601 1560 705 1611 His
728 1563 817 1612 ad.
965 1549 1155 1605 ‘eum
1189 1548 1510 1616 exularem,
1544 1550 1708 1604 nolui
1753 1549 1952 1604 minus
1997 1547 2191 1603 fidelis
2226 1547 2479 1604 inveniri
2516 1549 2885 1605 Christianus
2929 1548 3044 1604 tibi

600 1627 823 1706 drqssefo
964 1630 1377 1699 ‘Christian0,
1418 1649 1594 1703 quam
1627 1632 1803 1687 homo
1837 1648 2107 1702 paganus
2143 1630 2341 1686 extitit
2374 1630 2524 1686 mihi
2551 1630 2777 1688 homini
2803 1630 3043 1688 Christi-

483 1784 492 1792 ,
599 1692 825 1747 Wflffld·
961 1716 1145 1770 ‘.ano
1219 1713 1523 1786 Siquidem
1570 1732 1674 1772 rex
1725 1716 2042 1770 Hunorum
2090 1714 2355 1786 gentilis,
2406 1732 2543 1771 cum
2596 1731 2775 1771 causa
2805 1713 3044 1770 tuendae

942 1799 981 1828 ‘⁸
1018 1815 1170 1854 meae
1220 1798 1431 1855 salutis
1479 1815 1578 1854 me
1630 1816 1830 1855 secum
1889 1799 2203 1869 degentem
2267 1797 2570 1864 retineret,
2622 1798 2763 1854 iniit
2809 1814 3041 1854 meeum

940 1884 979 1911 ‘⁶
1017 1882 1210 1938 foedus
1257 1882 1323 1937 in
1375 1882 1612 1938 nomine
1662 1882 1903 1938 deorum
1939 1899 2196 1948 suorum,
2237 1882 2395 1952 quod
2439 1899 2537 1938 me
2584 1898 2884 1953 nunquam
2931 1881 3043 1937 ini-

938 1966 979 1994 “
1015 1964 1188 2021 micis
1234 1965 1383 2022 meis
1434 1966 1642 2036 quavis
1703 1965 2004 2021 occasione
2056 1964 2351 2036 proderet.
2421 1965 2564 2021 Post
2622 1966 2849 2036 aliquot
2901 1981 3043 2021 vero

937 2050 977 2075 “
1016 2047 1142 2103 dies
1175 2047 1404 2103 nuntiis
1438 2047 1515 2104 ad
1549 2065 1614 2105 se
1650 2065 1722 2103 ex
1755 2052 1924 2119 parte
1958 2047 2336 2104 inimicorum
2357 2064 2624 2104 meorum
2648 2046 3039 2114 venientibus,

938 2132 976 2157 ‘⁶
1015 2136 1077 2186 et
1109 2131 1413 2202 ingentem
1463 2131 1773 2202 pecuniam
1822 2149 1931 2203 pro
1969 2131 2216 2188 interitu
2267 2149 2402 2187 meo
2437 2132 2552 2189 sibi
2584 2131 3037 2204 pollicentibus3

935 2217 974 2241 “
1020 2216 1036 2242 ‘
1063 2213 1206 2280 Dii‚'
1258 2214 1474 2288 inquit,
1529 2216 1750 2271 ‘vitam
1801 2232 1996 2270 meam
2047 2215 2370 2281 succidant,
2409 2216 2460 2271 si
2514 2232 2625 2287 ego
2674 2232 2783 2286 pro
2832 2214 3039 2286 quovis

863 2356 871 2364 ‚
935 2297 975 2323 “
1017 2300 1032 2324 ‘
1059 2298 1225 2354 lucro
1279 2304 1514 2355 terreno
1566 2298 1733 2355 vobis
1788 2297 2024 2364 cedens,
2073 2297 2286 2353 initum
2337 2297 2523 2355 foedus
2578 2315 2811 2371 quoquo
2861 2298 3039 2354 modo

934 2381 974 2406 “
1016 2383 1032 2407 ‘
1059 2381 1416 2438 dissolvero)
1490 2381 1555 2436 Si
1598 2398 1741 2452 ergo
1778 2381 1954 2436 homo
1990 2380 2264 2447 infidelis,
2302 2386 2372 2436 ut
2405 2381 2552 2437 falso
2587 2380 2697 2436 deo
2732 2398 2836 2437 suo
2882 2380 3036 2436 fidus

933 2465 972 2490 ‘⁸
1012 2464 1309 2530 existeret,
1360 2464 1553 2521 foedus
1590 2481 1865 2535 rumpere
1911 2463 2125 2530 noluit,
2163 2480 2276 2535 ego
2324 2464 2522 2535 gratia
2570 2463 2792 2521 Christi
2828 2464 3038 2530 fidelis,

936 2546 973 2571 ‘⁴
1013 2546 1190 2602 fidem
1226 2564 1403 2618 quam
1437 2565 1578 2604 vero
1612 2547 1737 2602 Deo
1772 2546 2038 2618 promisi,
2078 2546 2308 2602 violabo
2356 2547 2537 2602 ullius
2553 2546 2576 2579 ²
2626 2548 2848 2603 terreni
2884 2564 3038 2602 com-

936 2631 974 2656 “
1008 2629 1169 2684 modi
1219 2629 1438 2686 causa?
1505 2629 1696 2685 Absit.
1769 2630 1963 2684 Immo
2000 2629 2064 2683 in
2118 2629 2242 2685 Sua
2281 2630 2393 2685 fide
2451 2636 2510 2685 te
2563 2630 2835 2702 suscipio,
2875 2635 2936 2687 et
2983 2631 3036 2687 si

934 2714 973 2739 “
1012 2712 1156 2783 quid
1189 2713 1257 2767 in
1290 2713 1437 2768 meis
1470 2714 1848 2769 affectuosius
1885 2731 2063 2780 amas,
2103 2713 2379 2785 accipias,
2417 2713 2624 2782 utaris,
2661 2713 3016 2785 possideas.’'

594 2799 830 2861 Eadmer,
1022 2794 1315 2860 Tandem
1381 2805 1628 2859 Romam
1680 2806 1940 2870 veniens,
1989 2819 2208 2864 coram
2252 2818 2428 2884 papa
2477 2797 2831 2885 Agathone
2884 2824 3035 2879 proe-

592 2865 888 2999 ξὲξιῶῗέ·
932 2905 1196 2962 sentibus
1232 2907 1666 2963 accusatoribus
1702 2919 1968 2964 causam
1998 2921 2188 2965 suam
2218 2899 2318 2966 ita
2346 2901 2641 2966 modeste
2685 2901 3033 2986 promovit,

591 3012 771 3064 Rome.
930 3003 1009 3062 ut
1051 3019 1173 3065 nee
1215 2998 1631 3065 Theodorum
1696 3000 2261 3089 archiepiscopum
2320 3007 2673 3081 accusaret,
2734 3023 2856 3068 nec
2930 3003 3033 3067 in-

927 3102 1304 3167 nocentiam
1372 3103 1704 3188 propriam
1778 3103 2103 3170 fluctuare
2172 3105 2601 3190 permitteret
2692 3103 2892 3170 Dixit
2954 3104 3034 3181 ei,

931 3211 965 3236 “
1010 3203 1294 3269 Domine
1323 3226 1513 3290 papa,
1545 3205 1708 3290 quid
1754 3203 1900 3270 est³
1939 3206 2118 3290 quod
2148 3205 2528 3271 Theodorus
2572 3207 2647 3269 in
2690 3227 2839 3271 mea
2881 3206 3034 3271 sede

929 3313 963 3339 “
1008 3327 1129 3371 sua
1186 3307 1601 3385 auctoritate,
1663 3329 1768 3371 me
1822 3309 2177 3392 superstite
2238 3313 2308 3373 et
2366 3328 2504 3372 non
2563 3308 3032 3386 consentiente,

930 3413 967 3451 τ(
1009 3411 1145 3471 tres
1190 3407 1525 3494 episcopos
1569 3408 1951 3473 ordinavit?
2043 3408 2255 3488 Quem
2301 3408 2461 3494 quia
2481 3407 2510 3447 4
2551 3408 2638 3486 ab
2696 3408 2822 3475 hac
2880 3410 3032 3475 sede

927 3515 961 3540 “
1006 3507 1295 3573 directus
1341 3514 1458 3586 est,
1503 3530 1808 3575 accusare
1869 3510 2311 3594 supersedeo.”
2405 3510 2490 3574 In
2534 3510 2809 3577 concilio
2854 3513 3030 3576 enim

923 3614 1154 3674 contra
1198 3631 1307 3675 eos
1352 3610 1468 3696 qui
1515 3632 1718 3676 unam
1749 3611 1824 3675 in
1844 3609 1871 3645 ⁶
1903 3611 2170 3677 Christo
2201 3611 2617 3677 voluntatem
2648 3616 2849 3698 atque
2880 3634 3032 3699 ope-

923 3711 1247 3776 rationem
1292 3712 1830 3798 dogmatizabant
1873 3712 2072 3778 fidem
2118 3735 2306 3780 suam
2366 3720 2435 3779 et
2479 3714 2835 3799 provinciae
2894 3736 3034 3781 suae

923 3812 1299 3879 declaravit.
1412 3823 1681 3894 Cumque
1747 3823 2067 3880 catholicus
2126 3825 2399 3882 inventus
2445 3816 2694 3894 fuisset,
2760 3821 2831 3882 et
2889 3817 3032 3884 sine

922 3923 1121 3967 causa
1164 3910 1510 3968 sacerdotali
1562 3911 1856 3981 dignitate
1903 3912 2191 3985 privatus,
2234 3912 2461 3983 placuit
2497 3919 2565 3968 ut
2599 3910 2670 3970 et
2711 3912 2993 3971 Romnae
3009 3912 3032 3945 ⁸

922 3991 1078 4046 sedis
1125 3991 1360 4047 decreto
1396 3990 1461 4044 in
1500 3991 1900 4062 episcopatum
1936 3992 2367 4056 restitueretur,
2409 3997 2471 4047 et
2504 3993 2573 4046 in
2606 3994 3032 4048 monimentum

922 4091 1042 4130 suoe
1078 4074 1383 4131 catholicae
1421 4073 1557 4128 fidei
1584 4073 1841 4145 ejusdem
1884 4074 2093 4145 synodi
2127 4076 2310 4145 gestis
2346 4076 2457 4131 hoc
2493 4076 2780 4148 scriptum
2815 4076 3033 4132 insere-

920 4165 1091 4217 retur
1128 4158 1496 4216 “wilfridus
1535 4160 1658 4214 Deo
1712 4159 2004 4225 amabilis,
2047 4160 2353 4232 episcopus
2414 4161 2692 4218 Eboracae
2744 4161 3027 4250 civitatis,

2091 4460 2114 4492 ⁴
2154 4460 2307 4522 Quem
2330 4464 2479 4529 quia]
2518 4464 2581 4515 Ε.
2604 4465 2666 4516 0.

986 4540 1221 4606 2ιιῖὶἱτιε]
1250 4541 1333 4602 Ο;
1365 4540 1575 4600 nullius,
1597 4539 1660 4590 Ε.
1688 4539 1875 4604 Capgr.
2091 4540 2112 4573 ⁵
2146 4541 2226 4607 in]
2268 4543 2329 4591 E.
2357 4542 2582 4608 Capgr.;
2620 4559 2752 4604 cum,
2774 4543 2839 4596 Ο.

984 4621 1005 4654 ³
1038 4623 1098 4681 ei,
1120 4621 1333 4670 Domine
1351 4634 1513 4685 papa,
1543 4618 1665 4682 quid
1683 4618 1784 4683 est]
1824 4619 1920 4678 Ε.;
1985 4657 1994 4683 ,
2090 4615 2113 4648 ⁸
2146 4617 2409 4688 Romane]
2451 4622 2514 4672 Ε.
2556 4622 2659 4672 and
2696 4622 2916 4688 Capgr.;
2950 4636 3029 4673 ra-

914 4701 1052 4752 enim
1073 4698 1281 4751 domino
1303 4713 1449 4763 papa
1461 4697 1682 4763 quidem,
1701 4696 1919 4765 Capy-.-
1904 4732 1919 4757 ,
2022 4696 2176 4760 tione,
2200 4697 2261 4750 Ο.

914 4777 1050 4828 enim
1068 4778 1167 4841 sor
1187 4776 1250 4836 ei,
1272 4777 1337 4828 0.

987 4461 1478 4529 mmmmm-n
