3600 5800
748 862 874 927 536
1609 879 1980 932 APPnnmx.

409 1069 519 1121 The
532 1086 652 1122 cure
666 1072 725 1123 of
742 1066 870 1142 tus,
907 1074 1126 1130 habens
1161 1066 1519 1132 oratorium
1559 1075 1761 1134 Sancti
1791 1077 2102 1135 Michaelis
2126 1078 2188 1134 in
2214 1092 2345 1158 quo
2368 1081 2462 1137 vir
2486 1080 2597 1138 Dei
2622 1083 2854 1155 saepius,

407 1138 673 1257 ffindffl
743 1165 806 1225 et
857 1161 1109 1217 maxime
1169 1163 1232 1217 in
1287 1164 1770 1237 Quadragesima,
1814 1185 2050 1222 manere
2105 1185 2238 1224 cum
2298 1170 2518 1243 paucis,
2574 1162 2855 1228 orationi

404 1273 661 1325 gaham·
742 1266 809 1303 ac
857 1250 1097 1306 lectioni
1147 1265 1407 1322 vacam,
1460 1273 1698 1326 operam
1751 1256 1893 1313 dare
1940 1264 2337 1315 consueverat.
2444 1260 2593 1316 Cum
2627 1250 2853 1319 alitem

741 1327 1058 1402 incipiente
1119 1332 1577 1407 Quadragesima
1642 1335 1865 1391 ibidem
1926 1355 2236 1395 mansurus
2295 1339 2618 1408 adveniret,
2671 1344 2856 1414 jussit

741 1415 864 1469 suis
908 1434 1168 1487 quaerere
1215 1437 1530 1491 pauperem
1577 1420 1837 1491 aliquem
1886 1422 2099 1493 majori
2147 1423 2346 1495 inopia
2380 1426 2476 1480 vel
2510 1426 2855 1482 infirmitate

738 1500 1068 1564 gravatum,
1107 1490 1216 1556 cui
1250 1500 1374 1555 illis
1409 1499 1614 1554 diebus
1651 1499 2032 1557 elemosinam
2066 1494 2279 1562 facere
2314 1509 2546 1575 posset3
2584 1505 2669 1562 sic
2694 1506 2852 1562 enim

738 1598 971 1655 semper
1017 1587 1206 1642 facere
1255 1587 1494 1643 solebat.
1592 1578 1726 1661 Qui
1786 1581 2215 1651 adduxerunt
2257 1585 2319 1651 ei
2367 1584 2850 1653 adolescentem

738 1666 1072 1747 quendam
1115 1675 1381 1734 mutum
1427 1690 1470 1734 a
1512 1671 1891 1749 nativitate,
1939 1674 2054 1739 sed
2100 1680 2171 1741 et
2204 1682 2458 1738 scabiem
2493 1681 2563 1741 et
2600 1683 2852 1740 furfures
2966 1672 2977 1677 ”

735 1751 1090 1823 habentem
1136 1767 1204 1822 in
1248 1767 1464 1840 capite,
1503 1774 1573 1825 ut
1617 1761 1718 1826 nil
1764 1770 2110 1842 capillorum
2159 1772 2326 1828 nasci
2371 1773 2612 1830 valeret.
2705 1764 2853 1845 Quo

734 1848 1000 1922 ingresso
1040 1847 1483 1934 apprehendit
1529 1877 1685 1926 eum,
1725 1865 1786 1914 et
1831 1860 2071 1929 signum
2123 1866 2341 1917 sanctae
2389 1862 2577 1917 crucis
2625 1861 2852 1934 linguae

734 1939 861 2008 ejus
896 1935 1300 2022 imprimens,
1331 1938 1662 2024 loquelam
1692 1940 1755 2005 ei
1791 1939 2080 2025 perfecte
2118 1941 2435 2019 restituit,
2465 1941 2849 2027 medicoque

734 2035 973 2121 capitis
1003 2041 1146 2126 ejus
1191 2062 1417 2108 curam
1462 2041 1808 2109 commisit.
1903 2041 1994 2107 Et
2035 2043 2404 2130 adjuvante
2450 2051 2852 2107 benedictione

734 2152 804 2190 ac
838 2148 1030 2212 prece
1066 2139 1374 2206 antistitis,
1399 2144 1541 2195 nata
1575 2144 1668 2196 est
1689 2156 1826 2195 cum
1863 2140 2119 2196 sanitate
2154 2141 2309 2197 cutis
2344 2145 2595 2196 venusta
2628 2140 2852 2212 species

734 2217 1101 2286 capillorum,
1153 2219 1460 2293 factusque
1511 2226 1601 2275 est
1641 2218 1904 2291 juvenis,
1961 2219 2244 2293 limpidus
2293 2221 2463 2277 vultu
2512 2226 2572 2276 et
2618 2218 2853 2292 loquela

733 2310 1057 2373 promptus,
1082 2304 1312 2376 capillis
1347 2304 1743 2375 pulcherrime
1769 2302 1999 2375 crispis,
2025 2305 2127 2377 qui
2150 2309 2286 2362 ante
2322 2304 2517 2361 fuerat
2551 2303 2848 2370 deformis,

733 2402 957 2458 pauper
994 2394 1055 2443 et
1089 2395 1308 2445 mutus.
2487 2402 2495 2409 '

397 2472 554 2534 Beda,
578 2488 628 2523 v.
655 2478 703 2524 3·
821 2472 990 2537 Cum
1052 2479 1278 2539 autem
1340 2473 1645 2539 monialis
1715 2474 2021 2560 quaedam
2042 2482 2059 2515 ¹
2111 2483 2176 2538 in
2216 2481 2613 2539 monasterio²
2648 2474 2848 2541 Veta-
2958 2532 2963 2539 .

394 2551 507 2602 The
529 2568 648 2633 ως
730 2561 885 2639 dun,
941 2572 1039 2627 oui
1093 2580 1234 2628 tuno
1301 2563 1691 2651 Hereburga.
1735 2573 2036 2628 abbatissa
2072 2572 2334 2643 praefuit,
2373 2564 2447 2627 in
2506 2565 2850 2649 provincia

392 2618 576 2735 {me¹¹¹ss
588 2622 701 2671 sack
730 2652 1126 2717 Eboracensi
1170 2655 1403 2738 posit0,
1452 2664 1867 2720 fleubotomata
1915 2659 2087 2719 esset
2136 2659 2199 2714 in
2252 2660 2509 2726 brachio,
2549 2668 2709 2719 tacta
2759 2670 2849 2721 0⁸¹·

391 2753 620 2804 watton,
725 2742 1069 2796 infirmitate
1115 2741 1330 2798 doloris
1377 2743 1680 2814 repentini.
1783 2740 1909 2810 Quo
1945 2760 2080 2797 mox
2116 2746 2488 2795 excrescente
2534 2742 2679 2798 adeo
2716 2742 2845 2798 bra-

724 2826 922 2881 chium
971 2825 1035 2878 in
1080 2829 1369 2879 tumorem
1413 2843 1646 2881 versum
1694 2830 1806 2890 est,
1844 2831 1912 2880 ut
1958 2825 2058 2881 vix
2100 2822 2328 2877 duabus
2377 2823 2651 2881 manibus
2689 2843 2843 2882 com·

721 2906 904 2978 plecti
938 2911 1148 2977 posset,
1183 2903 1252 2961 et
1289 2898 1434 2982 jam
1469 2906 1636 2976 quasi
1672 2904 1965 2960 moritura
1999 2903 2316 2957 videretur.
2392 2892 2563 2958 Cum
2610 2905 2837 2964 autem

723 2987 1066 3072 episcopus
1126 2987 1357 3053 horam
1403 2984 1795 3051 minutionis
1856 2981 2296 3070 cognovisset,
2338 2983 2453 3060 ait,
2505 2995 2543 3019 ‘⁶
2570 2993 2832 3052 Multum

725 3080 764 3103 ‘⁶
804 3077 1151 3148 insipienter
1184 3083 1244 3133 et
1279 3077 1515 3134 indocte
1550 3074 1772 3130 fecistis
1820 3073 1885 3127 in
1924 3072 2066 3127 luna
2101 3077 2312 3156 quarta
2348 3073 2834 3132 fleubotomandO.

727 3164 763 3189 ‘⁴
803 3162 1053 3217 Memini
1089 3164 1246 3219 enim
1284 3162 1653 3219 Theodorum
1689 3158 2190 3231 archiepiscopum
2237 3156 2454 3224 dicere,
2494 3158 2650 3232 quod
2686 3161 2837 3234 peri·

725 3249 765 3273 “
806 3247 1005 3302 culosa
1039 3246 1184 3303 satis
1219 3247 1299 3303 sit
1333 3247 1493 3303 illius
1528 3243 1808 3317 temporis
1843 3238 2235 3308 fleubotomia,
2276 3243 2508 3315 quando
2543 3251 2603 3300 et
2638 3243 2837 3301 lumen

728 3341 765 3367 “
805 3339 962 3393 lunae
987 3346 1048 3395 et
1069 3357 1273 3395 reuma
1295 3339 1496 3396 oceani
1529 3337 1592 3393 in
1614 3341 1916 3393 cremento
1948 3334 2092 3391 est.'’
2166 3326 2257 3392 Et
2301 3328 2643 3394 benedixit
2688 3353 2834 3397 eam

651 3509 661 3526 ι
723 3419 1084 3507 episcopus,
1116 3425 1186 3485 et
1230 3421 1462 3487 statim
1493 3418 1678 3484 dolor
1703 3417 1975 3486 recessit
2004 3419 2074 3480 et
2103 3421 2344 3498 tumor,
2374 3424 2443 3485 et
2472 3419 2834 3486 valitudini

723 3523 913 3611 virgo
957 3523 1114 3589 resti
1122 3529 1274 3590 tuta
1320 3529 1434 3590 est.
1616 3586 1624 3594 .
2464 3601 2471 3608 ,

386 3649 554 3713 Idem,
570 3655 695 3714 ιβ,
793 3636 940 3692 Cum
966 3627 1141 3693 enim
1165 3635 1667 3692 reverentissimus
1684 3623 2034 3689 wilfridus
2064 3623 2407 3710 episeopus
2434 3638 2565 3705 post
2586 3633 2825 3707 longum

384 3728 528 3778 John
720 3729 961 3784 exilium
997 3729 1062 3783 in
1096 3730 1496 3801 episcopatum
1534 3732 1684 3782 esset
1717 3724 2213 3797 Hagustaldensis
2247 3724 2505 3782 ecclesioe
2539 3732 2823 3797 receptus,

381 3795 616 3872 b500m0⁸
719 3817 780 3865 et
830 3801 1114 3867 Sanetus
1161 3810 1199 3864 J
1201 3810 1476 3874 ohannes,
1527 3807 1808 3863 defuncto
1855 3807 2023 3871 Bosa,
2062 3807 2191 3861 viro
2240 3806 2445 3862 multae
2500 3805 2827 3862 sanctitatis

380 3862 568 3978 ἓξὲξ)
591 3863 651 3913 of
719 3906 780 3955 et
831 3898 1228 3964 humilitatis,³
1295 3898 1603 3969 episcopus
1657 3912 1772 3967 pro
1817 3913 1885 3950 eo
1939 3895 2185 3951 Eboraci
2236 3891 2408 3952 esset
2457 3894 2825 3960 substitutus,

381 4026 541 4079 Heals
563 4046 596 4080 a
717 3980 804 4046 ad
850 3979 1355 4047 consecrandam
1402 3976 1740 4042 ecclesiam
1786 3978 2074 4061 rogatus,
2115 3977 2482 4043 adveniens
2525 3975 2712 4041 misit
2755 3973 2827 4030 de

381 4093 495 4146 sick
516 4098 656 4162 lady.
716 4111 871 4165 aqua
913 4083 1031 4148 illa
1073 4089 1383 4146 benedicta
1433 4080 1629 4145 uxori
1694 4078 2038 4165 cujusdam
2086 4078 2388 4160 ComitiS‚
2433 4079 2827 4145 infirmitate

713 4185 1109 4274 gravissima
1178 4182 1366 4269 quasi
1434 4183 1522 4248 ad
1582 4189 1864 4248 mortem
1926 4181 2289 4269 languenti,
2336 4191 2698 4270 ‘praecipiens
2757 4195 2829 4246 ut

375 4303 541 4366 Idem,
561 4320 615 4358 v.
638 4311 689 4359 4.
714 4292 798 4357 de
841 4290 960 4357 illa
1002 4294 1321 4377 gustaret,
1367 4299 1429 4352 ct
1477 4294 1814 4366 ubicunque
1861 4293 2123 4352 dolorem
2170 4294 2357 4352 inesse
2410 4284 2704 4364 sentiret,
2754 4293 2827 4350 de

782 4631 799 4663 ¹
835 4630 1084 4698 quadam]
1117 4629 1337 4695 quidem,
1361 4629 1425 4678 O.
1769 4625 1782 4762 Ι
1889 4621 1911 4656 ⁸
1944 4629 1994 4673 et
2014 4621 2337 4690 humilitatis]
2366 4637 2466 4675 om.
2492 4623 2556 4674 E.
2581 4623 2685 4674 and
2706 4621 2768 4674 0.

780 4711 802 4743 ²
834 4709 1150 4776 murmurio]
1180 4724 1279 4760 om.
1305 4708 1367 4758 E.
