3600 5800
605 1105 840 1183 Folcargl,

609 1188 721 1235 cap.
744 1187 817 1221 xl.

609 1255 699 1303 pp.
722 1243 901 1290 257-8.

605 1387 719 1436 The
743 1385 909 1437 vision

607 1453 658 1501 in
684 1453 760 1504 St.

606 1520 874 1570 Michael’s

606 1586 815 1637 ehurch.

608 2401 769 2461 Idem,
783 2466 812 2479 ..

606 2484 718 2532 cap.
741 2484 836 2519 xil.

607 2551 657 2599 p.
683 2540 797 2585 259.

598 3177 766 3240 Idem,
782 3246 792 3257 ·
802 3244 831 3257 ..

603 3260 715 3310 cap.
740 3262 850 3297 nn.

942 900 1073 963 534
1807 912 2175 963 APPstx.

946 1109 1199 1179 Spiritus
1262 1109 1460 1165 Sancti
1521 1108 1816 1179 majestaS,
1878 1107 2150 1166 flammeo
2220 1106 2467 1162 candore
2527 1123 2784 1169 corusca,
2845 1116 3045 1182 super

945 1204 1121 1267 caput
1172 1197 1394 1253 orantis
1443 1199 1698 1271 episcopi
1755 1201 1908 1257 sedis
1964 1215 2085 1253 suae
2136 1195 2383 1268 gloriam
2434 1193 2692 1265 dignata.
2788 1184 3045 1252 Tantus

945 1282 1170 1340 autem
1216 1276 1380 1341 lucis
1425 1278 1733 1364 splendor
1782 1302 1900 1367 per
1945 1278 2262 1343 fenestras
2306 1274 2555 1339 vitreas
2601 1281 2835 1361 patens
2881 1277 3044 1341 emi-

946 1378 1140 1442 cabat
1184 1384 1344 1444 tunc
1390 1380 1462 1443 in
1523 1382 1809 1462 ecclesia,
1857 1380 2034 1467 quod
2080 1376 2373 1443 exterius
2418 1375 2780 1445 existentes
2844 1378 3045 1442 mira-

943 1481 1191 1546 bantur
1219 1474 1396 1547 unde
1442 1490 1708 1569 possent
1752 1506 1891 1550 esse
1922 1487 2027 1548 tot
2068 1478 2438 1545 luminaria.
2531 1485 2794 1543 Accessit
2837 1480 3046 1566 igitur

947 1591 1132 1662 Sigga
1179 1595 1306 1665 ejus
1356 1593 1632 1651 diaeonus
1683 1611 1821 1654 non
1874 1583 2133 1672 impuni
2199 1581 2478 1648 audacia
2544 1586 2780 1658 motus,
2828 1591 3043 1646 ostium

943 1685 1174 1770 aperit,
1245 1700 1305 1748 et
1363 1695 1609 1765 gloriam
1668 1701 1913 1756 visionis
1975 1685 2274 1773 percipit.
2384 1683 2520 1749 Sed
2586 1691 2712 1746 viso
2771 1691 3043 1747 candenti

943 1783 1267 1853 splendore,
1307 1774 1445 1859 ipse
1481 1785 1645 1842 velut
1698 1787 1985 1852 decoctus,
2026 1786 2171 1840 facie
2207 1786 2506 1838 contracta
2555 1782 2617 1835 in
2652 1798 2877 1854 rugam,
2920 1786 3047 1836 tota

943 1878 1074 1926 cute
1108 1886 1311 1941 poenas
1347 1866 1580 1950 recipit
1616 1876 1963 1931 temeritatis
1999 1886 2152 1930 suae.
2247 1871 2443 1927 Sensit
2478 1868 2725 1924 Sanctus
2763 1869 2872 1923 Dei
2922 1869 3043 1923 dia-

943 1976 1154 2014 conum
1216 1963 1556 2032 participem
1624 1965 1903 2029 visionis;
1973 1970 2033 2017 et
2094 1958 2363 2033 quamvis
2423 1948 2710 2014 offensus
2779 1956 3043 2011 habitum

943 2046 1141 2093 tamen
1193 2058 1310 2094 non
1361 2042 1522 2096 exuit
1571 2050 1890 2098 mansuetae
1940 2042 2298 2098 intentionis.
2374 2038 2645 2094 Accitum
2684 2055 2824 2107 ergo
2873 2036 2948 2091 ad
2984 2055 3045 2091 se

944 2122 1309 2201 diaconum,
1357 2131 1611 2192 tactum
1658 2138 1949 2192 emaculat
2000 2136 2238 2197 dextrae,
2290 2131 2727 2203 compositaque
2783 2131 2846 2185 in
2900 2131 3045 2201 pris-

944 2223 1136 2277 tinum
1192 2222 1458 2278 decorem
1509 2225 1675 2289 facie,
1729 2225 2010 2288 obsecrat,
2050 2222 2283 2295 adjurat
2329 2239 2404 2275 ne
2440 2211 2601 2276 dum
2646 2212 2785 2298 ipse
2822 2223 2885 2276 in
2934 2222 3045 2276 hac

943 2302 1067 2356 vita
1099 2302 1340 2368 viveret,
1377 2306 1660 2361 visionem
1696 2305 1862 2360 illam
1898 2304 2073 2359 alicui
2108 2302 2445 2358 mortalium
2480 2301 2794 2372 detegeret.

1035 2385 1193 2451 Post
1221 2385 1363 2453 haec
1396 2397 1537 2453 dum
1561 2397 1809 2469 quadam
1834 2397 1929 2452 die
1953 2389 2038 2453 ad
2070 2390 2446 2474 episcopum
2483 2395 2670 2449 multa
2701 2394 2877 2448 turba
2912 2410 3044 2448 con·

942 2486 1188 2559 yeniret,
1216 2491 1284 2540 ut
1319 2487 1469 2541 sacri
1503 2487 1794 2542 crismatis
1818 2488 2151 2541 unctionem
2184 2477 2526 2561 acciperet,
2562 2482 2854 2553 quendam
2882 2483 3046 2553 juve—

942 2580 1079 2618 nem
1115 2569 1410 2620 mortuum
1453 2565 1607 2620 inter
1641 2566 1786 2620 alios
1836 2568 1983 2622 sacri
2025 2566 2317 2621 crismatis
2354 2565 2629 2620 unctione
2678 2562 2899 2629 linivit,
2936 2563 3045 2617 sic-

944 2664 1056 2717 que
1090 2646 1164 2702 de
1198 2654 1386 2703 morte
1422 2648 1496 2703 ad
1531 2649 1715 2703 vitam
1751 2649 1996 2706 reduxit.

1016 2731 1302 2786 Similiter
1325 2738 1386 2787 et
1421 2733 1495 2787 ab
1529 2732 1766 2788 homine
1788 2734 2013 2804 expulit
2047 2733 2393 2799 daemonem,
2419 2734 2655 2788 insanos
2690 2736 2751 2786 et
2779 2730 3045 2785 infirmos

940 2841 1168 2895 semper
1200 2825 1430 2880 sanavit
1463 2825 1792 2897 ubicunque
1816 2827 2057 2882 invenit.
2134 2827 2429 2899 Quotquot
2463 2819 2664 2882 etiam
2700 2825 2825 2895 ejus
2871 2824 3045 2880 vesti-

942 2918 1206 2968 mentum
1262 2931 1396 2969 cum
1446 2913 1559 2970 fide
1613 2915 1952 2986 tangebant,
2008 2916 2254 2972 celerem
2308 2917 2420 2971 sibi
2455 2918 2766 2972 sanitatem
2819 2903 3045 2970 adesse

942 2990 1288 3063 gaudebant.
1368 2993 1485 3050 Sed
1521 2998 1582 3048 et
1611 3001 2025 3066 tempestatum
2050 2995 2296 3050 habebat
2332 3001 2677 3067 potestatem
2712 3012 2815 3068 per
2841 2993 3045 3050 Sancti

944 3076 1199 3147 Spiritus
1234 3076 1513 3148 vigorem.

1014 3160 1182 3218 Vixit
1235 3168 1435 3218 autem
1499 3164 1560 3218 in
1611 3163 1951 3236 episcopatu
2009 3163 2257 3235 triginta
2308 3165 2493 3220 tribus
2553 3165 2740 3228 annis,
2798 3172 2859 3219 et
2914 3171 3044 3219 octo

943 3246 1261 3310 mensibus,
1301 3252 1362 3301 et
1395 3246 1706 3302 tresdecim
1742 3247 1963 3303 diebus.
2037 3247 2115 3302 Et
2149 3253 2368 3319 postea,
2406 3265 2540 3303 cum
2587 3248 2712 3318 jam
2750 3247 3043 3318 episcopa·

942 3342 1066 3393 tum
1104 3335 1414 3393 circumire
1456 3356 1576 3394 non
1631 3344 1876 3409 poterat,
1915 3332 2135 3418 ipsum
2187 3340 2460 3396 wilfrido
2516 3330 2879 3395 venerabili
2943 3331 3041 3395 di-

939 3418 1136 3495 misit,
1237 3429 1487 3505 ipseque
1546 3446 1680 3484 cum
1741 3430 1983 3485 consilio
2033 3430 2233 3486 Sancti
2290 3429 2615 3494 Ericthuni‚
2654 3430 2882 3485 abbatis
2931 3432 3043 3495 sui,

940 3509 1212 3573 Beverle
1253 3518 1446 3588 petiit,
1492 3518 1686 3590 ibique
1723 3518 1823 3572 diu
1868 3520 1930 3573 in
1969 3519 2077 3574 Dei
2117 3519 2400 3574 servitute
2441 3513 2818 3587 consistenS,
2865 3539 3047 3578 nonas

941 3608 1085 3663 Maii
1144 3610 1324 3664 vitam
1379 3608 1624 3664 feliciter
1678 3609 1886 3667 finivit.
1982 3601 2088 3666 Ob
2154 3600 2341 3685 cujus
2410 3618 2616 3667 merita
2668 3602 3045 3687 ubieunque

940 3701 1082 3786 ejus
1113 3701 1334 3766 debite
1380 3701 1801 3787 postulantur
1830 3703 2159 3788 suffragia,
2201 3708 2270 3767 et
2300 3703 2669 3789 specialiter
2699 3705 2772 3768 in
2802 3705 3045 3770 Bever-

941 3803 1098 3880 lac0‚
1169 3805 1282 3868 ubi
1353 3826 1531 3868 nunc
1598 3805 1742 3889 ejus
1802 3805 2091 3891 gloriosa
2157 3828 2302 3870 ossa
2377 3813 2614 3871 extant
2690 3806 3045 3873 honorifice

941 3907 1280 3982 mandata,
1329 3908 1768 3993 Omnipotens
1820 3908 2003 3973 Deus
2049 3909 2327 3973 infirmis
2374 3910 2748 3987 sanitatem,
2796 3910 3045 3976 maestis

938 4010 1468 4086 consolationem,
1492 4011 1859 4096 devoteque
1892 4012 2312 4099 poscentibus
2344 4012 2743 4097 petitionum
2774 4035 3044 4078 suarum

938 4116 1242 4180 effectum
1313 4115 1616 4181 concedit
1690 4115 2066 4192 salutarem,
2130 4114 2217 4179 ad
2292 4114 2556 4182 laudem
2623 4122 2693 4180 et
2764 4116 3042 4203 gloriam

936 4218 1224 4285 nominis
1271 4217 1410 4294 Sui,
1456 4218 1632 4304 quod
1679 4219 1769 4282 sit
1816 4218 2237 4284 benedictum
2280 4219 2352 4282 in
2398 4219 2652 4286 seecula.

989 4387 1294 4476 Eat-plica
1339 4389 1420 4454 ‹Zc
1466 4387 1711 4455 Sancto
1756 4387 2073 4454 Jolacmme
2117 4353 2600 4465 de‘Beverlch,
2650 4386 2982 4477 archiepi-

1648 4513 1840 4578 scopo
1888 4489 2309 4558 Ebwacmwi.
