3600 5800
1300 840 1641 891 mmm
1688 840 2165 892 Enomomtsm.
2643 829 2768 892 351

665 1018 793 1084 Ast
836 1018 1113 1106 indigna
1155 1017 1390 1084 vident
1433 1019 1643 1084 tantis
1689 1020 1930 1085 exenia
1974 1021 2182 1085 votis.-

564 1182 575 1191 .
666 1119 950 1206 Legatos
998 1120 1179 1185 exire
1215 1119 1474 1205 jubent,
1521 1120 1697 1186 vada
1740 1120 1913 1185 salsa
1957 1121 2197 1186 carinis

668 1218 714 1283 J
714 1241 823 1285 am
868 1220 1119 1286 sulcare
1163 1220 1354 1301 citis3
1398 1220 1577 1287 dulci
1617 1221 1967 1290 formidine
2011 1227 2172 1287 vota

669 1319 1090 1407 Ingeminant
1133 1321 1433 1401 lacrimis,
1480 1322 1793 1408 quoniam
1835 1323 1931 1389 sic
1975 1323 2116 1409 ipse
2159 1323 2470 1391 movebat

669 1422 1026 1489 Libertatis
1072 1446 1269 1503 amor,
1316 1425 1551 1510 patriae
1596 1446 1743 1511 spes
1787 1446 1867 1490 ac
1910 1424 2325 1490 redimendae.
2593 1492 2600 1501 ,
2690 1431 2776 1494 60

672 1523 849 1604 Quid
883 1524 1028 1610 jam
1046 1523 1072 1563 ¹
1117 1524 1309 1611 plura
1353 1520 1637 1592 canam?
1683 1546 2040 1612 properans
2086 1526 2430 1605 exercitae,
2483 1534 2664 1594 ecce!
2801 1537 2946 1601 They
2961 1552 3080 1586 eon-

670 1625 958 1691 Venerat
1002 1626 1240 1693 undosi
1284 1631 1514 1693 vectus
1561 1631 1747 1692 trans
1791 1648 2059 1713 aequora
2101 1629 2306 1714 ponti,
2800 1603 3062 1718 ἓζξὲἓξὴ

672 1724 1057 1792 Subsidium
1102 1727 1293 1795 sociis
1335 1727 1635 1805 referens,
1681 1726 2068 1813 hostemque
2111 1727 2469 1793 nefandum
2802 1734 3023 1795 Britone,

672 1826 952 1913 Expulit
996 1832 1065 1893 et
1108 1828 1276 1895 vicit
1318 1827 1549 1892 multis
1593 1849 1710 1914 per
1732 1826 1759 1865 ²
1800 1827 1977 1894 bella
2021 1827 2396 1914 triumphis,
2663 1855 2672 1865 ·

672 1928 898 1995 Donec
941 1928 1130 1995 Picto
1172 1930 1360 1995 ferox
1404 1929 1641 1995 timido
1687 1928 1887 1993 simul
1911 1929 2191 2016 ·agmine
2237 1930 2426 2017 fugit,
2645 2000 2656 2007 ,
2690 1935 2772 1998 65

674 2029 1041 2113 Contentus
1086 2031 1366 2119 propriis
1409 2053 1547 2097 sese
1593 2030 1940 2097 defendere
1985 2032 2058 2096 in
2101 2029 2274 2098 oris.³

671 2131 837 2199 Haec
880 2133 1054 2198 inter
1099 2134 1351 2219 majora
1394 2134 1535 2201 dari
1584 2134 1916 2219 stipendia.
1959 2135 2170 2220 poscit

674 2233 1006 2300 Externus
1050 2235 1316 2301 sibimet
1358 2234 1583 2315 miles3
1625 2234 1768 2301 haee
1813 2256 2010 2301 causa
2054 2236 2257 2302 duelli

675 2335 759 2399 In
803 2337 1044 2402 sociam
1086 2336 1304 2403 fuerat
1346 2342 1612 2424 gentem
1657 2343 2036 2403 convertere
2081 2338 2344 2418 ferrum,

677 2435 767 2501 Et
810 2458 1073 2523 segnem
1117 2436 1434 2523 populum
1479 2436 1695 2523 patrio
1740 2437 2062 2523 depellere
2107 2460 2330 2526 regno,
2689 2441 2778 2511 '70
2802 2444 2919 2501 and,
2940 2441 2994 2492 in
3018 2442 3140 2495 the-

677 2537 824 2605 Hoc
865 2539 1115 2624 pietate
1158 2539 1287 2604 Dei
1331 2539 1567 2618 visum,
1615 2539 1793 2625 quod
1836 2561 1999 2626 gens
2043 2540 2359 2608 scelerata
2589 2617 2598 2625 ,
2803 2509 3025 2625 ffifft'offi

679 2638 785 2705 Ob
830 2661 951 2706 sua.
994 2640 1076 2705 de
1120 2640 1312 2706 terris
1357 2646 1624 2728 patrum
1668 2646 1938 2728 peccata
1980 2642 2241 2728 periret,
2463 2642 2472 2651 '
2804 2643 2966 2691 them-

679 2740 1095 2829 Intraretque
1141 2765 1292 2809 suas
1338 2743 1619 2830 populus
1662 2743 1915 2811 felicior
1960 2745 2170 2824 urbeS,
2805 2709 2986 2759 salves.

680 2842 813 2925 Qui
857 2851 1237 2912 servaturus
1282 2845 1555 2913 Domini
1600 2854 1931 2936 praecepta
1974 2847 2223 2916 fuisset.

680 2944 875 3027 Quod
916 2947 1059 3030 fuit
1092 2947 1348 3014 affatim
1393 2948 1658 3023 factum,
1707 2950 1994 3015 donante
2041 2950 2354 3031 Tonante,
2700 2955 2784 3025 75

679 3046 726 3112 J
726 3069 835 3114 am
872 3070 1049 3114 nova
1095 3050 1255 3114 dum
1303 3049 1546 3115 crebris
1591 3050 1953 3136 viguerunt
1997 3059 2253 3138 sceptra
2298 3056 2670 3142 triumphis,

681 3148 771 3214 Et
813 3171 996 3235 reges
1042 3171 1127 3215 ex
1170 3171 1238 3214 se
1275 3149 1419 3234 jam
1463 3150 1668 3234 eoepit
1710 3148 1951 3216 habere
1997 3156 2298 3235 potentes

682 3249 859 3315 Gens
903 3255 1191 3315 ventura.
1233 3248 1377 3314 Dei.
1469 3247 1676 3313 Rexit
1718 3253 1884 3315 tunc
1927 3251 2241 3336 temporis
2286 3252 2501 3318 almus

681 3350 1034 3436 Gregorius
1078 3349 1334 3436 praesul,
1381 3354 1524 3414 toto
1548 3348 1577 3386 ⁴
1617 3349 2013 3416 venerabilis
2058 3349 2218 3428 orbi,
2812 3369 3047 3434 Gregory
3068 3370 3112 3419 is

683 3451 987 3519 Ecclesiae
1033 3451 1252 3516 sedem
1297 3451 1612 3518 Romanae
1659 3450 2009 3529 Maximus,
2055 3457 2255 3538 atque
2700 3462 2787 3523 80
2811 3435 2993 3551 ἓξὲξ
3017 3436 3079 3484 ⁰f

682 3553 1011 3639 Agrorum
1058 3552 1308 3618 Christi
1354 3551 1572 3619 cultor
1616 3552 1898 3617 devotus
1943 3551 2205 3638 ubique,
2812 3566 2910 3616 His
2929 3569 3066 3633 good

682 3654 977 3721 Plurima
1019 3659 1355 3743 perpetuae
1402 3654 1711 3740 dispersit
1754 3655 2005 3720 semina
2047 3656 2225 3721 vitae.
2814 3634 2994 3683 “⁰¹³⁸-

681 3755 959 3823 Vomere
1002 3777 1125 3826 nec
1167 3755 1378 3822 solum
1425 3756 1647 3822 Latios
1691 3756 2098 3843 confregerat
2139 3779 2344 3844 agros,

685 3859 820 3925 Sed
862 3860 1075 3926 bonus
1119 3864 1322 3945 atque
1367 3858 1518 3946 pius
1562 3858 1892 3945 peregrini
1935 3858 2150 3924 cultor
2192 3861 2412 3947 agelli,

687 3961 933 4028 Oceani
978 3959 1270 4028 tumidos
1315 3960 1496 4026 ultra
1539 3959 1827 4025 suleavit
1868 3964 2089 4028 mtro
2704 3969 2787 4030 85
2816 3976 2881 4025 In
2907 3976 3039 4028 ΑΒ.

684 4062 958 4130 Pectora
1001 4062 1236 4127 Divini
1281 4062 1522 4128 fluctus
1543 4059 1570 4100 ⁶
1613 4060 1891 4147 gentilia
1934 4061 2136 4140 verbi,
2817 4046 2930 4094 ⁵⁹⁶·

685 4165 896 4231 Arida
937 4165 1273 4231 mellifluis
1317 4164 1718 4252 perfundens
1760 4184 1926 4229 arva
1971 4164 2254 4230 fluentis.

685 4266 788 4333 De
835 4267 1076 4354 quibus
1121 4266 1408 4354 aequorei
1450 4270 1650 4353 potus
1694 4264 1971 4330 hausere
2017 4265 2326 4332 Britanni

758 4502 773 4534 ¹
817 4501 1105 4568 Quidjam]
1136 4502 1275 4564 Quia
1295 4502 1407 4562 tibi,
1430 4501 1498 4551 A.
1862 4486 1883 4518 ⁴
1917 4486 2039 4552 ⁶0⁶⁰]
2074 4487 2148 4536 ita
2184 4503 2279 4551 pro
2315 4491 2348 4518 ‘⁴
2365 4489 2461 4540 toti
2477 4491 2509 4515 '’
2548 4492 2801 4544 Aleuinus

755 4605 778 4640 2
803 4606 929 4672 1²⁶7]
956 4612 1092 4671 post,
1112 4606 1175 4657 B.
1796 4564 2017 4615 scribere
2040 4566 2184 4626 solet,
2206 4569 2244 4618 J
2247 4569 2359 4619 asse.

1862 4643 1885 4674 ⁸
1902 4644 2130 4712 fluctus]
2167 4646 2323 4699 Jaffe.
2392 4648 2505 4700 The
2539 4660 2644 4703 rest
2682 4658 2805 4708 read

757 4709 780 4743 ³
812 4710 936 4762 Thia
957 4711 1061 4762 line
1082 4710 1128 4761 is
1150 4711 1315 4764 adm
1334 4709 1464 4759 from
1488 4708 1557 4760 A·
1781 4722 1972 4786 fluctu.
