3600 5800
897 884 1027 946 524
1763 897 2135 947 Arrmmlx.

901 1084 1157 1163 devote,
1206 1083 1497 1172 Spiritus
1545 1083 1830 1150 Sanctus
1883 1083 1957 1148 in
2001 1084 2322 1150 columbae
2369 1084 2584 1171 specie
2646 1090 2803 1150 ante
2849 1106 3000 1150 eum

896 1187 1141 1251 resedit
1184 1208 1380 1273 super
1424 1185 1650 1263 altare,
1697 1186 1957 1252 radium
2004 1186 2161 1251 solis
2204 1186 2478 1252 vincens
2522 1186 2819 1253 candore.

1878 1387 1997 1454 IX.

563 1516 638 1570 Of
655 1518 742 1569 the
984 1515 1286 1602 Cumque
1349 1516 1547 1581 multi
1610 1517 1683 1581 in
1730 1516 1980 1603 templo
2043 1520 2297 1581 stantes
2365 1516 2767 1581 mirarentur
2827 1515 3001 1604 hanc

554 1585 676 1652 ¹²⁰¹5
698 1589 844 1640 ‘¹⁰'e'
894 1617 1126 1696 lucem,
1172 1640 1347 1684 unus
1413 1619 1732 1685 diaconus
1777 1618 1867 1683 ad
1913 1617 2162 1683 ostium
2227 1617 2520 1684 cucurrit
2577 1617 2887 1703 porticuS,
2932 1622 3003 1682 et

893 1720 1072 1787 intro
1117 1721 1294 1785 vidit
1337 1720 1718 1808 episcopum
1764 1725 2056 1786 stantem
2100 1720 2175 1783 in
2219 1720 2535 1797 oratione,
2582 1725 2651 1784 et
2701 1717 2999 1804 Spiritus

895 1822 1182 1888 Sanctus
1224 1822 1478 1908 fulgore
1525 1822 1852 1909 porticum
1900 1822 2085 1886 intus
2130 1821 2531 1886 inflammari
2577 1820 2780 1886 velud
2826 1820 2995 1906 igne,

892 1945 1177 2009 moxque
1221 1923 1421 1989 facies
1467 1923 1609 2008 ejus
1654 1922 2070 1989 cremabatur
2116 1922 2409 2009 Spiritus
2457 1922 2685 1989 Sancti
2746 1922 2995 1999 ardore,

893 2031 963 2090 et
1038 2025 1208 2090 cutis
1275 2023 1668 2105 trahebatur
1734 2026 1809 2089 in
1874 2025 2043 2110 juga
2064 2023 2089 2060 ¹
2158 2017 2495 2089 maxillae*
2585 2024 2778 2104 Quod
2846 2044 2996 2088 cum

892 2127 1190 2192 sacerdos
1253 2132 1521 2192 sanctus
1583 2148 1702 2212 per
1767 2125 2096 2211 Spiritum
2161 2125 2485 2191 Sanctum
2554 2126 2997 2203 intellexerat,

893 2228 1235 2294 diaconem
1296 2227 1383 2293 ad
1427 2249 1496 2292 se
1557 2227 1923 2303 accersivit,
1970 2231 2041 2291 et
2083 2226 2319 2291 faciem
2390 2229 2534 2312 ejus
2602 2249 2723 2291 sua
2766 2233 2998 2293 sancta

894 2352 1097 2396 manu
1143 2329 1461 2415 palpavit,
1493 2328 1924 2416 pristinaeque
1955 2328 2233 2393 sanitati
2262 2329 2577 2406 restituit,
2610 2329 3003 2415 praecipiens

893 2433 954 2498 ei
998 2454 1083 2498 ne
1128 2432 1302 2497 hanc
1345 2431 1670 2497 visionem
1732 2430 2134 2517 patefaceret
2178 2431 2497 2515 quamdiu
2544 2432 2616 2495 in
2678 2430 2804 2496 hac
2849 2431 2997 2497 vita

890 2535 1163 2601 viveret.

1898 2633 1980 2699 X.

555 2773 868 2824 Theoureof
984 2762 1162 2828 Cum
1208 2761 1415 2846 igitur
1466 2758 1582 2824 in²
1627 2759 1918 2844 quadam
1973 2758 2081 2825 die
2127 2759 2376 2826 milites
2422 2760 2637 2827 sancti
2696 2761 2996 2869 praesulis

555 2840 828 2893 Herebum.
893 2885 1095 2950 equos
1162 2883 1316 2928 suos
1360 2861 1571 2928 veloci
1632 2882 1829 2928 cursu
1891 2860 2276 2947 probabant,
2277 2860 2305 2901 ³
2347 2862 2618 2948 quidam
2681 2846 2995 2930 diaconus

892 2966 1181 3053 episcopi
1237 2964 1532 3041 dilectus,
1580 2963 1995 3029 Herebaldus
2063 2965 2347 3044 nomine,
2411 2987 2654 3050 equum
2718 2988 2909 3031 suum
2954 2988 2996 3032 a

888 3089 1086 3135 cursu
1129 3067 1475 3133 refraenare
1521 3087 1657 3132 non
1708 3065 1954 3142 valenS,
2001 3066 2255 3144 cecidit,
2302 3072 2372 3132 et
2415 3068 2759 3134 brachium
2803 3068 2995 3155 polli-

889 3192 1160 3256 cemque
1230 3170 1540 3235 dextrum
1603 3168 1702 3234 ita
1763 3169 2229 3253 conquassavit
2295 3174 2376 3234 ut
2420 3170 2630 3256 magis
2693 3177 2995 3236 mortuus

894 3294 1094 3390 quam
1170 3271 1369 3335 vivus
1433 3271 1881 3355 deputaretur.
1885 3270 1912 3308 ⁴¹
2024 3269 2218 3349 Quod
2280 3271 2432 3356 pius
2507 3277 2698 3357 pater
2758 3273 2995 3339 videns

891 3376 1092 3440 nimis
1153 3375 1584 3440 contristatus
1631 3373 1787 3458 [est]
1851 3373 2090 3451 dolore,
2135 3376 2477 3459 totamque
2522 3380 2784 3441 noctem
2848 3399 2996 3462 per-

890 3476 1164 3564 vigilem
1232 3476 1432 3540 duxit
1505 3475 1578 3538 in
1646 3474 1961 3551 oratione,
2027 3480 2096 3539 et
2169 3495 2363 3539 mane
2438 3474 2615 3542 facto
2692 3477 2995 3544 infirmus

892 3578 1184 3644 surrexit
1229 3598 1445 3655 sanus,
1478 3581 1547 3641 et
1577 3596 1729 3642 cum
1759 3575 2111 3663 episcopo¹⁵
2153 3581 2447 3663 coeptum
2478 3577 2651 3643 iter⁰
2679 3581 2996 3666 pergebat

890 3684 1105 3761 laetua
1153 3682 1398 3767 quique
1444 3685 1673 3765 postea
1716 3680 1920 3746 abbas
1966 3680 2236 3746 effectus
2283 3684 2384 3746 est
2428 3681 2870 3768 dignissimus.

1890 3890 2009 3957 XI.

554 4039 667 4091 The
687 4039 842 4090 brok-
982 4019 1289 4101 Quodam
1358 4018 1562 4085 etiam
1626 4023 1921 4105 tempore
1983 4020 2143 4084 dum
2203 4025 2471 4086 sanctus
2532 4020 2639 4085 vir
2683 4021 2997 4090 Beverlec

553 4105 794 4224 alin*
893 4123 1108 4210 petiit,
1154 4143 1273 4188 vas
1318 4121 1653 4208 quoddam
1707 4122 1868 4187 vino
1913 4121 2182 4207 plenum
2228 4121 2310 4186 de
2355 4120 2609 4207 pariete
2651 4122 2770 4188 ubi
2831 4146 2991 4210 pen-

893 4226 1093 4292 debat
1160 4223 1416 4302 cecidit‚
1462 4228 1531 4289 et
1596 4244 1639 4288 a
1706 4245 1963 4289 summo
2028 4244 2235 4308 usque
2305 4223 2609 4289 deorsum
2632 4221 2657 4262 ⁷
2719 4227 2992 4311 crepuit.

897 4387 1058 4394 --·-——-—..-

953 4472 969 4504 ¹
992 4471 1155 4538 juya]
1183 4486 1383 4538 rugam,
1403 4471 1465 4520 Τ.
2058 4466 2080 4500 ⁸
2113 4467 2229 4519 MS.
2255 4469 2446 4521 Cotton
2480 4469 2524 4520 is
2565 4470 2814 4522 defective
2852 4472 2993 4535 here,

952 4552 974 4584 2
1006 4550 1085 4617 in]
1114 4565 1217 4600 om.
1239 4550 1302 4600 T.
1991 4549 2093 4597 and
2116 4554 2171 4598 at
2208 4548 2297 4599 the
2329 4548 2613 4615 beginning
2651 4550 2708 4600 of
2743 4551 2831 4602 the
2866 4563 2991 4603 next

952 4629 974 4663 ³
1001 4627 1307 4696 probabant]
1339 4628 1627 4693 probarent,
1648 4626 1708 4675 T.
1990 4625 2214 4690 chapter.

951 4710 972 4741 ⁴
1006 4706 1361 4772 deputaretur]
1390 4713 1669 4770 putaretur,
1693 4704 1757 4755 T.
2057 4703 2078 4742 7
2110 4704 2358 4770 deorsum]
2385 4705 2624 4768 medium,
2648 4706 2709 4758 T.

951 4789 972 4821 ὅ
1004 4784 1256 4853 episcopo]
1288 4800 1366 4846 co,
1389 4784 1452 4833 T.
