3600 5800
852 916 936 981 68
1462 924 1624 974 νΙΤΑ
1668 920 1997 971 war-mm
2044 920 2348 975 Emscom

510 1128 612 1177 and
635 1127 702 1176 its
726 1141 812 1177 en·
851 1116 924 1181 in
987 1113 1237 1201 HripiS,
1285 1119 1355 1179 et
1399 1110 1653 1197 dudum
1720 1130 1873 1176 cum
1911 1111 2223 1177 ,omnibus
2289 1113 2376 1178 ad
2435 1134 2588 1178 eum
2631 1114 2965 1200 pertinen-

508 1196 805 1256 dowments,
850 1217 1031 1283 tibus
1078 1216 1323 1282 Sancto
1370 1214 1567 1278 Petro
1612 1212 1867 1277 donans
1912 1214 2487 1293 commendaverit,
2558 1222 2967 1303 perceptum-

851 1341 978 1405 que
1009 1317 1432 1406 privilegium
1463 1336 1506 1381 a
1536 1313 1783 1380 Sancto
1828 1314 2182 1401 Agathone
2230 1337 2418 1402 papa,
2454 1317 2689 1403 [quod]
2737 1318 2965 1383 abbati

850 1420 1248 1505 familiaeque
1279 1417 1525 1483 ibidem
1570 1416 1987 1482 conversanti
2035 1416 2294 1496 detulit,
2339 1418 2689 1485 redderent
2716 1418 2790 1484 in
2820 1440 2964 1505 pos-

490 1532 613 1581 ,and
627 1531 755 1609 wisb
773 1538 828 1582 to
854 1524 1245 1601 sessionem;
1312 1540 1391 1586 ea
1463 1522 1690 1585 tamen
1759 1519 2152 1605 interposita
2195 1519 2502 1600 dictione,
2564 1527 2645 1586 ut
2703 1523 2967 1608 propria

511 1599 661 1649 make
683 1600 789 1647 ¹²¹¹¹¹
854 1648 1090 1693 manus
1158 1623 1643 1709 ‘conscriptione
1722 1622 2003 1687 firmiter
2077 1629 2483 1691 contestaret
2559 1626 2736 1711 quod
2827 1625 2962 1691 illic

514 1680 730 1781 {33²3
754 1672 807 1714 ω
855 1729 1120 1814 quietus
1164 1726 1559 1801 consederet,
1635 1728 1847 1810 saepta
1911 1725 2294 1790 monasterii
2373 1727 2620 1811 absque
2695 1726 2965 1793 licentia

512 1797 784 1927 ἓῒῖὠΐὲω
854 1830 1024 1917 regis
1099 1849 1236 1893 non
1304 1832 1754 1902 transmearet,
1799 1846 1922 1891 nec
1982 1825 2238 1911 aliquid
2307 1827 2726 1892 sacerdotalis
2770 1826 2965 1894 officii

514 1930 675 1979 ⁰5⁰0ss
699 1930 759 1981 of
852 1933 1248 2019 attingeret3
1292 1931 1408 1996 sed
1453 1951 1647 1993 suum
1673 1929 1755 1994 de
1785 1929 2138 2014 semetipso
2173 1929 2376 2015 (quod
2422 1929 2606 1996 dictu
2651 1929 2964 1995 horribile

511 1996 825 2126 {23:⁰3⁹
851 2036 977 2119 est)
1024 2032 1300 2120 gradum
1361 2030 1629 2096 honoris
1696 2029 2028 2113 abjecerit,
2096 2029 2221 2094 sub
2284 2018 2665 2097 testimonio
2730 2031 2962 2098 confir—

511 2136 686 2244 ”2123
702 2130 768 2179 ‘¹⁰
849 2137 1161 2203 mationis
1205 2135 1573 2222 plurimum
1612 2139 1918 2219 cogentes
1962 2133 2438 2218 compulerunt.

512 2211 666 2311 goth.
688 2211 725 2261 y
943 2241 1091 2321 Quo
1165 2239 1412 2316 audito,
1490 2237 1773 2302 Sanctus
1851 2235 2249 2315 Wilfi-ithus,
2304 2239 2647 2325 episcopus
2723 2245 2962 2317 noster,

852 2348 1243 2418 constanter,
1275 2347 1345 2407 et
1389 2340 1723 2426 intrepida
1750 2360 1912 2405 voce
1944 2340 2204 2405 elevata
2247 2339 2507 2407 locutus
2553 2349 2669 2418 est,
2702 2341 2962 2408 dicens:

513 2455 721 2507 wilfi-id
854 2454 887 2478 “
936 2442 1085 2524 Qua
1113 2464 1199 2508 ex
1218 2462 1413 2508 causa
1435 2463 1539 2507 me
1571 2441 1980 2526 compellitis,
2004 2445 2085 2505 ut
2113 2445 2251 2505 tam
2276 2441 2540 2528 lugubri
2571 2442 2966 2509 calamitatis

511 2525 716 2641 fflffiff
738 2529 794 2573 ¹⁵⁰
854 2556 887 2583 “
932 2547 1213 2613 miseriae
1276 2547 1348 2609 in
1408 2545 1871 2630 memetipsum
1916 2544 2213 2629 gladium
2261 2544 2422 2610 dirae
2469 2546 2963 2623 interfectionis,

853 2661 883 2686 “
930 2650 1055 2716 hoc
1085 2657 1185 2715 est
1215 2648 1691 2734 subscriptione
1722 2648 2005 2733 propriae
2037 2647 2498 2725 damnationis,
2531 2655 2910 2714 convertam
2939 2655 2963 2715 2

851 2764 883 2789 “
931 2753 1172 2820 Nonne
1239 2752 1381 2817 sine
1456 2750 1679 2836 aliquo
1738 2755 1944 2833 ,reatu
2024 2751 2415 2837 suspicionis
2492 2750 2963 2818 offendiculum

850 2865 883 2889 “
928 2855 1163 2923 faciam
1195 2852 1449 2921 cunctis
1478 2851 1909 2920 audientibus
1939 2852 2225 2916 nominis
2258 2852 2398 2918 mei·
2419 2851 2963 2939 divulgationem,

851 2970 883 2994 “
928 2957 1105 3046 quod
1151 2957 1437 3044 episcopi
1482 2956 1819 3032 vocabulo,
1866 2956 2170 3040 quamvis
2215 2956 2546 3042 indignuS,
2594 2979 2710 3043 per
2757 2959 2962 3044 quad-

851 3071 882 3094 “
928 3061 1192 3147 raginta
1253 3080 1454 3144 prope
1515 3077 1723 3122 annos
1786 3055 2308 3141 nuncupabar2'
2359 3051 2638 3123 Necnon
2714 3063 2785 3123 et
2844 3081 2963 3145 ego

853 3173 885 3198 “
930 3163 1180 3250 primus
1257 3166 1407 3249 post
1481 3159 1737 3225 obitum
1804 3159 2166 3244 primorum
2230 3179 2570 3244 procerum
2632 3181 2674 3225 a
2719 3161 2963 3229 Sancto

852 3277 885 3302 “
931 3266 1244 3353 Gregorio
1297 3265 1691 3330 directorum
1757 3262 2066 3328 Scotticae
2135 3262 2470 3328 virulenta
2528 3263 2963 3350 plantationis

852 3380 881 3403 “
928 3368 1227 3455 germina
1270 3365 1705 3442 eradicarem3
1751 3364 1838 3428 ad
1882 3383 2241 3448 verumque
2274 3363 2539 3441 Pascha,
2571 3371 2641 3429 et
2683 3366 2770 3431 ad
2815 3373 2962 3432 ton-

853 3482 885 3506 “
931 3493 1148 3538 suram
1198 3471 1271 3535 in
1314 3469 1583 3535 modum
1627 3487 1899 3544 coronae,
1948 3487 2097 3552 quae
2142 3473 2341 3532 antea
2384 3467 2741 3553 posteriore
2788 3470 2963 3556 capi·
3035 3539 3044 3542 ,

852 3583 885 3607 “
930 3574 1019 3638 tis
1065 3577 1269 3658 parte,
1316 3592 1353 3635 e
1398 3590 1656 3635 summo
1686 3568 1921 3634 abrasa
1964 3568 2228 3644 vertice,
2276 3569 2636 3633 secundum
2683 3569 2961 3655 Aposto-

852 3686 884 3711 “
931 3677 1074 3741 licae
1105 3674 1277 3740 sedis
1306 3674 1647 3749 rationem,
1680 3676 1893 3736 totam
1916 3670 2668 3736 Ultra-Humbrensium
2698 3679 2962 3758 gentem

854 3790 886 3816 “
931 3777 1367 3868 permutando
1411 3779 1919 3843 converterem?
1981 3778 2102 3839 aut
2146 3775 2473 3858 quomodo
2510 3775 2713 3861 juxta
2760 3777 2964 3841 ritum

853 3894 885 3918 “
929 3882 1291 3971 primitivae
1367 3880 1655 3947 ecclesiae
1702 3898 1937 3944 assono
2007 3878 2187 3943 vocis
2263 3877 2712 3944 modulamine
2789 3880 2964 3945 binis

854 3997 886 4023 “
931 3987 1303 4053 astantibus
1334 3983 1548 4050 choris
1580 3981 1958 4069 persultare,
2007 3981 2479 4066 Responsoriis,
2529 3982 2964 4069 Antiphonis·

854 4101 887 4125 “
933 4113 1060 4177 que
1091 4088 1436 4176 reciprocis
1466 4086 1857 4151 instruerem
1884 4090 1909 4149 2
1984 4083 2109 4148 Vel
2141 4085 2466 4169 quomodo
2498 4085 2709 4150 vitam
2742 4108 2966 4153 mona-

852 4205 883 4229 “
934 4194 1203 4260 chorum
1251 4190 1609 4257 secundum
1680 4187 2015 4273 regulam¹
2067 4186 2410 4253 Benedicti
2477 4188 2703 4274 patris,
2768 4207 2966 4275 quam

855 4306 887 4332 “
931 4295 1154 4361 nullus
1228 4294 1408 4381 prior
1482 4291 1577 4356 ibi
1654 4289 1933 4367 invexit,
2011 4290 2532 4356 constitueram?
2625 4291 2715 4356 Et
2790 4313 2969 4359 nunc

853 4409 888 4435 “
933 4405 1161 4466 contra
1221 4420 1326 4463 me
1391 4395 1715 4482 quomodo
1779 4395 2068 4462 subitam
2140 4394 2585 4459 damnationis
2632 4396 2771 4482 ipse
2818 4418 2965 4481 pro-

855 4511 887 4535 “
932 4500 1161 4576 tulero,
1226 4504 1416 4563 extra
1475 4494 1939 4562 conscientiam
2003 4494 2283 4579 alicujus
2327 4495 2650 4573 facinoris,
2705 4501 2967 4561 senten-

854 4610 886 4634 “
932 4601 1148 4666 tiam?
1264 4597 1396 4664 Sed
1440 4618 1590 4665 cum
1636 4596 1717 4661 de
1762 4595 1888 4660 hac
1929 4594 2189 4661 noviter
2233 4601 2380 4661 orta
2425 4596 2788 4681 quaestione
2835 4618 2968 4681 qua

1548 4833 1563 4865 ¹
1595 4822 1837 4897 reyulam]
1873 4821 2064 4892 Sancti,
2089 4833 2179 4882 ins.
2208 4833 2276 4882 A.
