3600 5800
1363 889 1683 942 moroan
1728 885 2142 938 mmmona.
2673 869 2800 970 12ss

709 1082 744 1112 “
786 1077 881 1142 At
926 1082 1047 1142 tua
1088 1075 1374 1148 terrifico
1420 1075 1817 1161 quatiuntur
1860 1073 2158 1139 daemone
2203 1069 2512 1136 membra.

712 1184 746 1211 “
789 1177 1114 1265 Sprevisti
1159 1178 1469 1244 emeritas
1513 1176 1693 1241 Petri
1739 1176 1822 1240 de
1867 1165 2150 1241 culmine
2196 1172 2494 1240 chartas:

716 1279 1060 1366 “Excipis
1107 1300 1191 1344 en
1235 1279 1470 1365 dignas
1514 1277 1686 1343 irato
1729 1275 1968 1341 Judice
2012 1295 2258 1360 poenas.
2681 1273 2808 1337 915

713 1378 1107 1488 “Capsaces
1151 1379 1317 1446 collo
1362 1376 1703 1463 dempsisti
1746 1376 2092 1441 immunda
2134 1374 2463 1441 verendo.

742 1481 1004 1547 ‘Nunc
1030 1465 1443 1545 moribunda
1487 1477 1650 1543 Baal
1695 1476 1983 1554 vincins,
2029 1481 2099 1541 et
2142 1476 2288 1561 ipsa
2330 1473 2595 1541 caveto?
2597 1471 2638 1510 '¹

800 1583 1091 1649 Naribus
1135 1583 1453 1647 immanes
1497 1602 1619 1647 ceu
1661 1579 1949 1644 fundeus
1992 1578 2282 1643 torridus
2326 1578 2529 1664 ignes,
2613 1655 2618 1664 f

712 1684 853 1749 Rex
897 1685 1140 1762 aderat,
1187 1704 1384 1770 quem
1424 1681 1523 1749 sic
1566 1680 1861 1768 genitrix
1904 1680 2147 1745 affatur
2190 1678 2503 1744 honesta:

716 1794 747 1819 “
790 1785 942 1852 Jam
987 1805 1236 1850 memor
1279 1789 1421 1849 esto
1464 1782 1586 1859 tui,
1630 1780 2068 1866 laetharguma
2111 1779 2367 1856 subrue,
2415 1778 2528 1842 fili.
2684 1779 2817 1843 920
2843 1776 2957 1853 {rho
2979 1775 3107 1841 king

718 1885 982 1956 “Ultio
1027 1885 1341 1951 dilectam
1381 1884 1692 2000 profligat
1737 1902 1996 1947 summa
2030 1880 2341 1966 jugalem.
2675 1935 2682 1946 ,
2844 1844 3108 1959 ζζξὲῗιοωᾱ,

718 1987 926 2053 “Sed
968 1993 1048 2052 tu
1093 1986 1555 2073 sceptrigeram
1601 1984 1659 2049 si
1704 1983 1810 2048 vis
1853 2003 2197 2100 augescere
2242 1982 2560 2059 dextram,

718 2089 1075 2156 “Vincula
1118 2089 1298 2155 solve
1342 2088 1492 2166 viri,
1538 2108 1872 2174 quoquam
1917 2086 2059 2151 sine
2104 2085 2375 2152 crimine
2418 2083 2616 2150 nexi.

716 2193 882 2258 “Et
925 2191 982 2257 si
1026 2190 1154 2256 fers
1198 2190 1436 2267 anime,
1475 2189 1714 2275 jubeas
1759 2188 2089 2255 discedere
2133 2186 2387 2273 regnoff'

713 2294 971 2360 Annuit
1014 2293 1286 2370 invitus,
1332 2291 1558 2379 patuit
1604 2312 1763 2357 mox
1810 2311 2028 2357 carcer
2071 2295 2354 2376 apertus,
2687 2290 2814 2356 925
2844 2289 3158 2419 &argiovitus

714 2396 1031 2462 Reddidit
1072 2400 1142 2460 et
1185 2394 1428 2461 claram
1472 2392 1682 2458 nubes
1728 2391 2118 2460 densisshna
2161 2390 2438 2468 stellam,
2528 2461 2532 2474 ¹
2844 2426 2947 2474 and
2966 2425 3056 2475 th„

714 2497 1020 2565 Protinus
1064 2496 1462 2564 immeritam
1506 2494 1715 2560 sensit
1757 2494 1988 2580 regina
2030 2493 2368 2561 medelam.
2844 2505 3035 2608 3022
3029 2506 3105 2540 re-

1073 2755 1380 2838 Qualiter
1424 2753 1888 2821 Bcrhtwaldus
1930 2754 2188 2822 amulam
2230 2754 2526 2841 suscepit.
2725 2839 2732 2846 Α

656 2881 667 2890 .
803 2911 1143 2979 Excedens
1187 2911 1395 2997 igitur
1437 2910 1721 2997 patriam
1768 2916 2173 2997 cognataque
2219 2932 2373 2976 rura
2659 2938 2714 2993 '—
2847 2906 2932 2958 wi
2932 2906 3052 2957 lffld

718 3011 993 3093 Deserit,
1040 3012 1488 3097 australesque
1531 3013 1705 3098 petit
1748 3011 1937 3077 velut
1980 3013 2240 3079 advena
2282 3018 2504 3079 terras.
2847 2988 2975 3104 {ff}
2994 2982 3049 3023 ω

718 3115 977 3181 Nobilis
1023 3115 1373 3201 expulsum
1417 3136 1535 3200 per
1579 3112 1776 3180 devia
1821 3126 2099 3201 quaeque
2143 3114 2361 3180 viator
2691 3115 2822 3180 930
2848 3106 2926 3156 Be
2925 3106 3033 3155 ¹²¹¹-

722 3216 975 3282 Obvius
1019 3214 1295 3302 excepit,
1342 3216 1575 3280 mundi
1622 3216 1781 3332 quia
1823 3237 2081 3281 summa
2124 3222 2415 3302 potestas
2847 3172 2994 3221 wald

718 3316 1073 3383 Indefinito
1116 3317 1491 3404 praefixerat
1534 3317 1756 3383 omnia
1800 3317 2017 3396 verbe,

721 3416 958 3483 Defore
1001 3417 1101 3483 nil
1135 3417 1340 3503 justis
1384 3419 1712 3504 spondens
1756 3440 1878 3505 pro
1923 3440 1992 3483 se
2037 3416 2390 3483 tribulatis.

723 3517 935 3605 Regia
973 3518 1318 3605 progenies
1362 3518 1830 3585 Berthwaldus
1874 3536 2145 3583 munere
2189 3517 2377 3584 dives

723 3621 865 3689 Nec
907 3621 1144 3689 latuit:
1190 3621 1550 3708 statimque
1593 3621 1776 3687 furor
1819 3621 2080 3687 hostilis
2125 3620 2375 3686 inarsit.
2559 3630 2576 3637 “
2692 3620 2820 3687 935

723 3721 857 3787 Sed
898 3728 1089 3809 pater
1132 3742 1174 3788 a
1218 3722 1412 3788 solito
1455 3743 1798 3808 nunquam
1845 3721 2080 3787 sudore
2123 3720 2451 3797 fatiscens,

722 3824 1054 3890 Instruxit
1094 3824 1402 3911 gregibus
1445 3825 1810 3890 monastica
1843 3823 2000 3909 jura
2041 3821 2305 3910 fugatis,

622 3966 635 3970 -
722 3925 767 3989 J
767 3947 875 3991 am
919 3924 1043 3992 fati
1087 3924 1324 3991 tellure
1368 3924 1500 3988 viri
1544 3930 1705 3990 tunc
1750 3924 1984 3990 invida
2025 3923 2230 4011 pestis

725 4027 942 4094 Corda
982 4027 1167 4093 ducis
1211 4025 1430 4093 zabuli
1474 4026 1889 4113 praestrinxit
1930 4026 2212 4113 hospitis
2257 4026 2418 4112 apti,

726 4128 975 4195 Fratris
1021 4127 1317 4193 EdiJredi
1362 4149 1480 4213 per
1524 4127 1806 4194 Mercica
1848 4149 2052 4214 regna
2096 4127 2329 4205 decori,
2692 4127 2823 4190 940

724 4230 932 4315 Cujus
976 4229 1049 4294 in
1093 4227 1404 4313 obsequio
1447 4228 1740 4314 conjunx
1783 4228 2053 4296 inimica
2095 4229 2419 4306 manebat,

608 4384 615 4387 .
724 4330 988 4396 Ekffidi
1030 4350 1344 4417 germana
1384 4329 1589 4396 trucis
1632 4330 2004 4415 tumidique
2047 4330 2335 4416 tyranni.

772 4478 1144 4594 *Ἤκμέὲ
1150 4479 1436 4533 latha-gun,
1461 4480 1536 4525 vel
1560 4479 1730 4525 vitium
1744 4491 1839 4534 quo
1862 4480 2231 4535 comprimuntur
2256 4479 2365 4534 egri
2389 4480 2451 4525 ad
2476 4478 2648 4524 falsum
2677 4490 2826 4533 somp-

722 4553 835 4588 num

1355 4775 1370 4806 ¹
1403 4773 1606 4842 caveto]
1632 4774 1767 4840 MS„
1786 4776 1889 4839 A.;
1922 4782 2119 4839 veruto,
2141 4775 2203 4828 B.
