3600 5800
897 801 1028 863 424
1519 818 1696 867 -vrrA
1743 821 1985 870 SANcrl
2033 822 2355 885 oswALm,

560 993 669 1046 The
691 1010 839 1046 ”⁰¹¹¹-
893 1023 1241 1069 numerum
1308 1009 1699 1076 excederent
1742 1007 2449 1086 sacro-duodenarium,
2497 1008 2788 1095 exeeptis
2850 1029 3000 1094 par-

555 1061 771 1180 Ἦὲξὸ,
893 1105 1083 1184 vulis,
1132 1109 1213 1174 de
1258 1131 1536 1196 quorum
1583 1129 1843 1175 summa
1887 1110 2196 1176 societate
2242 1111 2476 1176 beatus
2519 1110 2763 1197 praesul
2806 1109 3002 1176 laetus

892 1213 995 1271 est
1023 1209 1308 1290 effectus,
1356 1213 1513 1298 quia
1555 1212 1736 1276 fideli
1796 1216 2018 1277 mente
2061 1211 2343 1277 credidit
2386 1212 2529 1278 Deo
2576 1212 2752 1298 quod
2812 1232 3001 1276 suam

553 1322 761 1375 Oswald
892 1310 1094 1376 vellet
1138 1314 1446 1431 perficere
1475 1313 1907 1379 voluntatem.
1986 1311 2272 1396 Collegit
2301 1314 2562 1379 eosdem
2609 1315 2680 1378 in
2711 1311 3000 1399 quadam

552 1390 767 1508 3:222,
889 1414 1198 1500 parochia
1259 1417 1363 1482 sui
1426 1416 1836 1502 episcopatus
1904 1434 2052 1498 quae
2121 1413 2482 1501 Westbirig
2543 1417 2804 1498 dicitur,
2869 1439 3001 1505 quo

555 1523 849 1589 Westbury.
890 1518 1152 1583 assidue
1213 1519 1465 1585 Divina
1523 1523 1873 1605 patravere
1942 1516 2180 1602 orgia⁸
2222 1522 2293 1582 et
2355 1518 2604 1596 munia,
2650 1522 2826 1590 sicut
2884 1525 2997 1590 de-

891 1625 1219 1686 monstrat
1292 1620 1612 1707 regularis
1684 1637 1934 1695 norma,
2010 1617 2460 1685 desiderantes
2533 1620 2730 1707 pleno
2805 1626 3000 1692 corde

889 1721 1220 1807 percipere
1287 1722 1521 1787 aeterni
1566 1720 1820 1787 denarii
1888 1719 2191 1805 palmam.
2287 1719 2660 1801 Pulchrum,
2706 1724 2996 1813 inquam,

888 1825 1332 1908 spectaculum
1396 1825 1622 1890 videre
1686 1823 1835 1888 illos
1910 1822 2209 1909 quotidie
2282 1824 2369 1889 ad
2436 1825 2773 1893 eeclesiam
2841 1851 2994 1897 con—

888 1945 1146 1990 currere
1213 1928 1457 1991 mentis
1525 1925 1897 2001 serenitate,
1947 1924 2061 2009 qui
2109 1925 2294 2010 prius
2354 1926 2429 1989 in
2472 1929 2758 2011 peccatis
2817 1930 2995 2017 jaee-

889 2026 1070 2105 bant,
1131 2028 1384 2095 foetidae
1444 2027 1729 2105 luxuriae
1774 2026 1963 2092 vitiis
2023 2030 2095 2091 et
2137 2026 2423 2112 peccatis
2482 2029 2780 2115 subjecti.
2870 2032 2996 2099 Per

885 2130 1169 2215 gratiam
1229 2152 1387 2197 vero
1434 2129 1930 2216 Omnipotentis
1976 2127 2241 2193 liberati
2303 2149 2345 2194 a
2388 2130 2672 2197 nexibus
2740 2136 2993 2215 mundi,

884 2253 1006 2298 nec
1048 2232 1266 2299 solent
1326 2240 1507 2300 casto
1571 2232 1765 2299 corde
1819 2231 2053 2297 caelum
2115 2231 2390 2317 caelique
2436 2231 2780 2300 Factorem
2826 2237 2993 2303 Din-

883 2336 1129 2422 dyma¹
1159 2336 1711 2423 contemplatione
1742 2334 2128 2419 conspicere,
2153 2334 2445 2401 dieentes
2475 2357 2623 2402 cum
2647 2338 2992 2426 Propheta,

543 2423 684 2540 Ρ8181·
708 2426 858 2479 1111111·
841 2438 1060 2505 wilzi
1103 2445 1334 2505 autem
1377 2437 1714 2505 adhaerere
1758 2435 1892 2502 Deo
1939 2433 2193 2501 bonwm
2236 2440 2342 2500 est.

973 2539 1299 2605 Providus
1374 2544 1600 2605 autem
1675 2542 1882 2623 pater,
1947 2557 2082 2602 non
2145 2557 2215 2601 se
2289 2536 2502 2602 solum
2573 2544 2837 2606 tantum
2904 2544 2991 2609 ad

880 2646 1125 2706 sanctae
1188 2640 1372 2705 urbis
1435 2639 1683 2706 moenia
1745 2637 2165 2703 desiderabat
2231 2639 2591 2723 pervenire,
2655 2643 2769 2707 sed
2837 2664 2989 2711 cum

879 2742 1058 2807 fideli
1104 2746 1343 2818 turma,
1389 2741 1630 2826 quibus
1689 2744 1987 2826 praeerat,
2034 2740 2412 2825 concupivit
2456 2740 2813 2808 salutiferae
2859 2745 2986 2810 Hi—

878 2844 1260 2930 erosolymae
1318 2841 1600 2930 gloriam
1648 2862 1927 2919 cernere,
1991 2839 2258 2907 Christo
2306 2862 2561 2908 summo
2604 2844 2987 2931 praesidium

877 2968 1028 3032 rege
1073 2950 1425 3012 annuente.
1517 2945 1735 3010 Tanta
1796 2943 1893 3009 eis
1940 2943 2228 3009 contulit
2271 2967 2356 3009 ex
2398 2944 2823 3013 saecularibus
2882 2972 2984 3016 re-

876 3048 1018 3125 bus,
1064 3049 1137 3113 in
1201 3053 1366 3135 potu
1410 3046 1735 3122 videlieet,
1782 3050 1853 3110 et
1922 3045 2086 3122 cibo,
2132 3066 2338 3112 necne
2405 3048 2839 3128 vestimentis,
2906 3056 2990 3117 ut

876 3153 1125 3238 absque
1186 3148 1709 3215 murmuratione
1768 3147 2016 3213 servire
2063 3146 2206 3213 Deo
2249 3155 2741 3233 perseveranter
2792 3158 2986 3239 potu-

538 3248 649 3299 The
671 3249 758 3300 life
877 3254 1096 3319 issent.
1190 3252 1312 3317 Hii
1354 3251 1462 3317 his
1507 3249 1806 3317 contenti
1856 3248 2112 3335 jugiter
2164 3249 2486 3334 parebant
2550 3257 2708 3318 ante
2752 3253 2986 3321 faciem

535 3317 775 3432 3311ssan
878 3354 1258 3421 Salvatoris.
1353 3351 1649 3438 Hymnis
1709 3357 1779 3417 et
1833 3350 2112 3417 Psalmis
2175 3358 2502 3429 vacantes,
2553 3359 2623 3419 et
2682 3354 2988 3423 lectionis

535 3447 623 3496 ²¹²0
651 3448 849 3499 monks.
874 3458 1097 3524 studio
1142 3476 1411 3542 operam
1441 3455 1715 3519 dantes:
1761 3452 2292 3538 contemptibiles
2337 3473 2662 3538 personas,
2694 3461 2775 3522 ut
2803 3458 2983 3545 Apo-

537 3525 713 3640 {09oe
737 3542 790 3576 ¹
874 3559 1083 3624 stolus
1119 3559 1233 3634 ait,
1279 3557 1366 3622 ad
1412 3555 1627 3622 officia
1655 3553 1989 3620 exteriora
2031 3555 2537 3633 constituerunt,
2570 3557 2686 3642 qui
2731 3557 2985 3627 Divina

872 3660 1267 3737 nescierunt,
1329 3678 1451 3723 nec
1514 3661 1880 3743 potuerunt
1947 3655 2294 3740 perficere3
2353 3655 2478 3723 hoc
2550 3665 2771 3726 mente
2834 3682 2978 3747 per-

871 3767 1233 3828 tractantes
1276 3760 1582 3846 benigna,
1627 3779 1712 3823 ne
1746 3757 2064 3834 otiositas,
2096 3779 2246 3842 quae
2276 3758 2546 3825 inimica
2574 3766 2677 3826 est
2719 3762 2978 3843 animae,

870 3864 1004 3929 illis
1069 3866 1347 3930 noceret.
1441 3860 1900 3926 Mansitabant
1944 3860 2016 3923 in
2062 3860 2380 3945 praedicto
2441 3860 2583 3928 loco
2627 3864 2803 3930 servi
2848 3864 2977 3933 Dei

869 3967 974 4032 bis
1017 3966 1241 4032 binis0
1286 3963 1396 4030 vel
1463 3962 1749 4048 amplius
1793 3982 2120 4027 annorum
2183 3962 2435 4048 spatiis,
2481 3964 2614 4049 qui,
2660 3970 2740 4031 ut
2803 3967 2977 4033 dixi-

868 4090 1033 4147 mus,
1094 4066 1484 4154 quotidiano
1542 4065 1730 4131 victu
1775 4063 2073 4129 contenti
2136 4069 2343 4130 erant.
2435 4064 2596 4131 Fuit
2658 4068 2976 4152 quiddam

867 4171 1046 4256 quod
1117 4169 1407 4255 benigno
1480 4165 1735 4253 placuit
1807 4165 2119 4241 antistiti,
2195 4166 2312 4230 sed
2387 4166 2591 4232 latuit
2664 4168 2842 4237 infra
2901 4172 2976 4237 in

864 4273 1079 4340 cordis
1171 4269 1490 4347 cubiculo,
1567 4268 1745 4354 quod
1837 4267 2168 4332 extimuit.
2292 4267 2511 4334 Scivit
2584 4270 2762 4336 enim
2840 4274 2973 4341 dis-

863 4373 1002 4441 solu
1011 4373 1256 4439 tionem
1302 4371 1407 4436 sui
1468 4370 1756 4456 corporis
1801 4368 2099 4455 quotidie
2174 4369 2725 4457 appropinquare,
2773 4395 2973 4460 quam

861 4499 904 4543 a
971 4475 1155 4541 nullo
1229 4474 1478 4560 poterit
1534 4471 1802 4537 homine
1878 4470 2251 4557 praeterire;
2320 4470 2563 4539 idcireo
2632 4475 2974 4544 dubitavit

915 4652 932 4670 .
958 4640 1119 4692 ,mn-a]
1140 4640 1377 4689 mennon,
1396 4638 1554 4682 ml,
1911 4638 1922 4735 Ι
2018 4643 2036 4664 ···
2062 4636 2134 4680 bie
2151 4635 2298 4687 binis]
2322 4639 2390 4680 ia.
2408 4648 2464 4687 x..
2482 4639 2641 4683 interl.

915 4705 935 4733 ¹³
963 4701 1225 4754 Dindyma]
1245 4706 1432 4750 secreta.
1452 4702 1609 4746 interl·
