3600 5800
1300 867 1611 920 srlsoom
1657 865 2136 918 EBORAcENsm.
2632 854 2762 937 2833

652 1055 964 1124 videlicet
994 1054 1041 1121 J
1042 1055 1407 1136 ohannem;
1452 1055 1568 1141 qui
1598 1054 1852 1123 Divina
1894 1055 2195 1144 potentia.
2238 1061 2487 1144 potens,
2536 1076 2765 1142 quam-
2793 1065 2875 1117 He
2900 1067 3049 1117 seeks

652 1159 872 1246 plures
923 1158 1368 1244 quarumlibet
1434 1157 1902 1249 infirmitatum
1963 1160 2390 1228 incommodis
2458 1159 2765 1239 obsessos,
2793 1132 3083 1264 {gigohn’s

652 1283 695 1328 a
738 1263 876 1327 suis
920 1261 1444 1349 aegritudinibus,
1497 1261 1614 1327 illo
1676 1267 2000 1348 praesente
2063 1270 2132 1329 et
2192 1260 2606 1341 admirante}
2650 1284 2767 1350 po-

656 1370 875 1431 tenter
920 1365 1287 1449 eripuerat3
1331 1369 1400 1430 et
1443 1368 1525 1429 ut
1565 1365 1970 1431 commodius
2013 1366 2233 1432 virum
2278 1366 2407 1432 Dei
2452 1372 2767 1444 exoraret,

658 1471 728 1532 et
770 1467 856 1531 ab
900 1465 1030 1544 illo,
1080 1466 1269 1552 quasi
1313 1488 1356 1533 a.
1397 1466 1580 1532 fideli
1624 1465 1922 1547 medico?
1964 1467 2321 1535 salutiferae
2373 1469 2729 1536 curationis
2745 1468 2773 1509 ⁸

657 1569 1034 1634 antidotum
1079 1573 1288 1635 tantae
1332 1569 1724 1656 aegritudini.
1760 1591 2125 1656 congruum
2153 1571 2578 1658 impetraret3
2622 1578 2773 1658 post

657 1676 989 1758 peractam
1019 1671 1435 1739 matutinalis
1463 1670 1661 1737 officii
1705 1672 2155 1759 psalmodiam,
2188 1694 2369 1739 more
2399 1673 2593 1739 solito
2639 1674 2772 1739 dis-

660 1774 930 1842 cedente
976 1774 1161 1852 clerc,
1209 1775 1283 1838 in
1326 1773 1521 1842 choro
1553 1774 1728 1840 solus
1758 1775 2090 1852 remansit,
2139 1780 2465 1861 quatenus
2525 1775 2771 1841 ibidem
2798 1778 3016 1857 pgaying
3037 1785 3093 1830 to

660 1864 972 1943 secretius
1019 1876 1479 1963 omnipotenti
1525 1876 1682 1955 Deo,
1714 1898 1833 1963 per
1862 1898 2126 1942 servum
2159 1877 2386 1955 Suum,
2433 1898 2501 1943 se
2549 1878 2775 1944 diabo-
2798 1844 3101 1963 ffiffafflf⁰

659 1979 789 2046 lica
818 1980 1234 2066 suggestione
1266 1980 1804 2057 circumventum,
1854 1984 2159 2065 etusque
2188 1980 2277 2046 ad
2306 1981 2597 2046 animam
2644 1982 2774 2046 dae-

663 2082 877 2146 monis
920 2081 1152 2147 fiaude
1206 2082 1581 2147 ostenderet
1625 2082 2067 2149 vulneratum.
2158 2081 2305 2169 Proj
2314 2083 2443 2150 ecit
2486 2106 2556 2149 se
2600 2084 2776 2151 illico

664 2202 881 2251 coram
925 2182 1137 2261 altari,
1185 2183 1511 2262 lamentis,
1574 2184 1919 2271 cordisque
1979 2184 2379 2252 cruciatibus
2398 2183 2426 2223 ⁴
2468 2186 2777 2253 creberri-

667 2286 794 2351 mis
857 2285 1096 2371 quibus
1157 2291 1419 2372 poterat
1485 2287 1725 2354 anxius
1793 2287 2221 2368 incumbens3
2284 2278 2474 2353 velut
2539 2310 2780 2376 aquam

669 2388 1071 2454 misericordi
1116 2387 1259 2453 Deo
1306 2389 1543 2455 effudit
1602 2390 1893 2457 animam
1953 2411 2157 2469 suam,
2204 2396 2285 2456 ut
2328 2390 2458 2455 viri
2504 2390 2647 2469 Dei,
2695 2391 2781 2457 ad

671 2513 866 2576 quem
930 2492 1330 2578 confugerat,
1395 2494 1729 2559 mediante
1789 2494 2250 2572 misericordis,
2298 2499 2520 2561 reatus
2564 2495 2668 2559 sui
2714 2501 2782 2561 et

670 2593 1003 2682 languoris
1047 2602 1568 2681 consequeretur*
1583 2597 1969 2663 allevamen.
2062 2583 2277 2663 Tanta.
2305 2597 2438 2663 fuit
2467 2598 2782 2664 orationis
2830 2594 2837 2601 ⁸

670 2696 925 2764 intimae
969 2697 1333 2784 prolixitas,
1378 2704 1698 2785 tantaque
1702 2702 1725 2779 ,¹
1758 2699 2245 2786 lachrymarum
2291 2700 2374 2765 de
2418 2700 2600 2765 fonte
2645 2722 2783 2768 cor-

671 2798 772 2863 dis
835 2798 1124 2864 ubertim
1192 2799 1523 2885 profluens
1591 2800 2019 2879 abundantia,
2085 2805 2164 2865 ut
2224 2801 2401 2866 inter
2459 2802 2782 2870 orandum

669 2898 1193 2990 gemendumque
1233 2903 1707 2971 afflictionibus
1751 2905 2107 2992 indulgens
2138 2909 2208 2970 et
2252 2905 2567 2992 suspiriis,
2599 2911 2783 2973 totus

673 3007 747 3074 in
790 3007 924 3072 illis
968 3007 1102 3072 fere
1122 3006 1148 3045 ⁵
1193 3006 1513 3074 deficeret.

763 3110 1110 3176 Commota
1139 3115 1297 3174 sunt
1326 3111 1557 3176 stetim
1572 3107 1603 3148 ⁰
1630 3114 1926 3196 paternae
1957 3110 2229 3195 pietatis
2257 3111 2512 3177 viscera.
2541 3133 2737 3198 super
2762 3111 2788 3149 ⁷

658 3212 1068 3280 'contritione
1136 3212 1525 3296 poenitentis
1594 3216 1663 3275 et
1724 3211 1992 3276 veniam
2038 3210 2456 3296 {postulantis
2518 3213 2659 3290 filii,
2721 3220 2790 3278 et

675 3315 784 3399 pie
828 3312 1156 3399 pulsantis
1200 3313 1434 3398 aegroti
1487 3311 1765 3377 vulnera
1828 3333 2025 3377 verus
2087 3312 2458 3378 animarum
2522 3318 2591 3378 et
2652 3334 2789 3380 cor-

677 3434 912 3499 porum
966 3412 1261 3478 medicus
1324 3413 1463 3478 oleo
1531 3412 1991 3479 misericordiae
2055 3413 2413 3480 refocillare
2478 3435 2614 3480 non
2659 3416 2790 3481 dis·

680 3514 855 3580 tulit.
948 3514 1190 3580 Finitis
1221 3514 1447 3599 itaque
1477 3513 1780 3599 precibus
1813 3518 1882 3579 et
1910 3514 2314 3602 singultibus
2342 3515 2787 3603 lachrymosis,

681 3638 833 3683 cum
877 3619 964 3682 ab
1024 3616 1317 3682 oratione
1385 3616 1789 3695 surrexisset,
1856 3616 2155 3684 mirabile
2217 3618 2436 3685 dictu!
2497 3639 2540 3686 a.
2556 3617 2582 3659 ⁸
2646 3620 2789 3687 lan-

681 3718 996 3807 guoribus
1060 3721 1130 3782 et
1195 3717 1613 3784 daemoniacae
1677 3718 2096 3805 deceptionis,
2163 3720 2404 3805 quibus
2467 3724 2789 3810 opprime·
2878 3809 2885 3814 Δ

682 3825 894 3900 batur,
925 3821 1180 3908 laqueis
1224 3820 1608 3886 dissolutus:
1623 3818 1652 3859 ⁹
1689 3821 1882 3892 nulla
1910 3821 1985 3886 in
2018 3823 2309 3888 medium
2355 3846 2552 3904 mora,
2599 3827 2790 3891 Divi·
2822 3839 2923 3890 His
2946 3839 3045 3890 evil

686 3949 850 3993 num
895 3924 1101 3992 sensit
1134 3923 1472 4010 juvamen,
1521 3927 1591 3989 et
1651 3924 1859 3989 totius
1922 3923 2241 3991 molestiae
2302 3925 2418 3990 diu
2471 3949 2793 4014 perpessae
2820 3905 2989 4026 {¹333
3010 3972 3132 4026 him.

689 4033 875 4119 pium
907 4034 976 4095 et
1004 4027 1236 4096 efficax
1279 4022 1718 4093 allevamen.¹⁰
1804 4025 2126 4114 Propulsa
2174 4028 2419 4094 etenim
2449 4030 2793 4118 utriusque

759 4309 775 4341 ¹
811 4307 1114 4372 adnuis-ante]
1144 4304 1546 4367 administrante,
1568 4305 1640 4355 A.
1858 4304 1880 4337 ⁸
1899 4305 2042 4370 fite]
2074 4321 2174 4357 om.
2197 4307 2266 4357 A.
2402 4313 2417 4320 ⁶

760 4387 782 4420 2
814 4388 960 4451 quasi
994 4400 1030 4433 α
1057 4382 1212 4448 fideli
1254 4383 1467 4449 modico]
1515 4381 1701 4446 medio,
1854 4382 1877 4415 ⁶
1909 4385 2102 4452 statim]
2131 4401 2231 4438 om.
2253 4386 2323 4437 A.

695 4469 765 4518 A.
1855 4461 1878 4501 ⁷
1909 4464 2087 4529 super]
2117 4481 2214 4517 om.
2238 4464 2308 4515 A.

759 4545 782 4579 ⁸
815 4544 1120 4610 curationis]
1152 4541 1409 4605 orationis,
1431 4542 1500 4593 A.
1855 4540 1880 4574 ⁸
1913 4542 1974 4608 a]
2005 4549 2074 4607 et,
2095 4543 2165 4593 A.

761 4626 784 4658 ⁴
816 4624 1058 4686 laurentis,
1080 4622 1338 4687 cordisque
1359 4620 1697 4689 cruciatibus]
1856 4620 1878 4654 ⁹
1911 4621 2199 4689 dissolutus]
2230 4622 2504 4688 dissolutis,
2527 4628 2596 4679 A.

692 4705 1031 4770 lamentisque
1071 4703 1255 4765 cordis,
1277 4700 1702 4766 cruciatibusque,
1860 4700 1902 4735 ¹⁰
1931 4700 2228 4771 alienam]
2259 4705 2504 4770 levamen,
2527 4708 2597 4759 A.

698 4787 770 4838 A.
