3600 5800
783 851 915 913 218
1395 862 1559 915 vm
1603 862 1931 912 mrnm1
1977 861 2283 911 Erlscom

783 1062 1021 1129 fecerat,
1055 1054 1359 1121 hortatus
1403 1060 1519 1133 est,
1551 1058 1633 1119 ut
1660 1075 1926 1120 servum
1970 1053 2244 1119 Domini
2274 1042 2359 1120 eit
2388 1052 2611 1119 animo
2639 1074 2897 1141 semper

786 1153 1041 1233 coleret,
1089 1155 1408 1242 diligeret,
1462 1155 1732 1233 foveret,
1794 1161 1865 1221 et
1924 1161 2153 1221 contra
2211 1176 2436 1221 omnes
2488 1156 2894 1222 adversarios

785 1257 1149 1324 indefessus
1194 1259 1255 1324 ei
1301 1265 1752 1346 propugnator
1795 1258 2125 1324 existeret.
2218 1258 2367 1324 Rex
2409 1258 2665 1324 annuit.

443 1365 548 1445 put
568 1364 614 1415 is
635 1380 712 1416 re-
872 1361 1171 1427 Alfi-idus
1215 1383 1372 1427 vero
1417 1383 1537 1427 rex
1582 1361 2305 1447 Nordanhymbrorum,
2337 1360 2510 1427 sicut
2553 1362 2757 1448 regni,
2800 1362 2895 1428 sic

440 1433 701 1549 m?
785 1470 855 1530 et
898 1464 1377 1551 indignationis
1437 1465 1745 1531 fraternae
1806 1464 2056 1530 malens
2116 1486 2447 1551 successor
2490 1486 2644 1543 esse,
2693 1486 2893 1551 quam

774 1568 1058 1655 jussioni
1101 1567 1501 1654 Apostolicae
1562 1569 1859 1655 deposito
1919 1588 2187 1635 rancore
2248 1569 2490 1634 mentis
2553 1589 2891 1633 assensum

781 1670 1086 1758 praebere,
1120 1670 1507 1757 ambagibus
1556 1671 1950 1757 quibusdam
2000 1670 2274 1756 objectis
2303 1662 2643 1736 nitebatur
2672 1676 2889 1736 osten-

783 1773 953 1850 dere,
999 1773 1128 1838 sibi
1170 1774 1437 1858 penitus
1480 1794 1616 1838 non
1639 1794 1784 1838 esse
1828 1772 2136 1859 possibile
2166 1772 2343 1857 quod
2386 1771 2892 1858 praecipiebatur

784 1874 1062 1961 explere.
1154 1874 1402 1941 Verum
1448 1875 1744 1940 omnium
1806 1880 2053 1941 secreta
2105 1875 2401 1940 cordium
2442 1880 2741 1940 scrutans
2784 1897 2888 1940 sa-

782 1977 1039 2063 pientia
1080 1976 1209 2042 Dei
1253 1977 1621 2063 nequitiam
1669 1977 1815 2062 ejus
1859 1977 2186 2056 attendit3
2245 1976 2596 2042 attendens
2641 1976 2889 2041 exami-

781 2080 1012 2159 navit3
1057 2079 1444 2145 examinans
1475 2079 1857 2159 damnavit;
1900 2100 1978 2145 ac
2010 2098 2243 2165 corpus
2274 2079 2455 2143 illius
2478 2079 2620 2144 acri
2650 2078 2891 2145 doloris

783 2182 1157 2247 invectione
1200 2182 1295 2248 sic
1326 2181 1717 2259 debilitavit,
1750 2187 1831 2245 ut
1848 2180 1873 2220 ¹
1918 2181 2221 2267 protinus
2261 2180 2431 2246 lecto
2475 2181 2887 2266 reciperetur,

443 2268 695 2388 dAelatdffiffl’s
787 2288 856 2348 et
900 2283 1081 2350 omni
1143 2305 1333 2371 paene
1394 2284 1837 2349 membrorum
1900 2282 2113 2348 officio
2158 2283 2642 2348 destitueretur.
2757 2283 2890 2363 Qui

602 2374 614 2387 ’
785 2408 938 2452 cum
990 2409 1059 2452 se
1121 2387 1289 2452 mori
1352 2390 1781 2473 cognosceret,
1828 2384 2150 2452 adhibitis
2216 2385 2499 2450 testibus
2567 2386 2886 2471 promisit,

784 2488 962 2573 quod
1007 2489 1064 2552 si
1116 2488 1299 2554 Deus
1343 2489 1555 2554 vitam
1618 2489 1745 2554 sibi
1808 2488 2203 2564 concederet,
2253 2492 2322 2553 et
2357 2486 2561 2573 jussis
2604 2486 2888 2574 Aposto-

781 2589 925 2654 licis
988 2589 1191 2654 vellet
1257 2590 1537 2667 obedire,
1603 2596 1672 2655 et
1717 2580 2025 2655 Wssfrido
2091 2589 2273 2654 omni
2339 2594 2633 2675 tempore
2701 2590 2888 2655 incli-

440 2690 638 2740 Eadulf
781 2698 979 2758 natus
1004 2691 1030 2731 2
1074 2693 1369 2758 existere.
1463 2692 1595 2758 Sed
1639 2692 1778 2780 ipse
1826 2692 2093 2778 quidem
2153 2692 2294 2757 sine
2339 2692 2803 2757 retractatione
2847 2712 2890 2758 a

443 2758 687 2885 ἔξω
737 2878 744 2889 ¹
782 2797 928 2862 vita
971 2798 1252 2875 recessit,
1316 2800 1385 2861 et
1438 2795 1760 2861 Eadulfus
1823 2795 2093 2881 quidam
2140 2794 2202 2860 ei
2268 2795 2342 2859 in
2402 2815 2680 2880 regnum
2743 2816 2886 2860 suc-

783 2901 993 2977 cessit,
1040 2901 1574 2986 praedecessorem
1619 2922 1815 2965 suum
1876 2898 2266 2965 crudelitate
2312 2904 2382 2963 et
2424 2897 2657 2976 cordis,
2683 2898 2886 2964 obsti·

777 3002 1050 3067 natione
1116 3002 1504 3088 praecedens.
1617 3002 1794 3067 Nam
1867 3001 2117 3065 Sanctus
2180 2999 2528 3065 wilfi-idus
2595 2999 2682 3065 ad
2744 3000 2886 3085 ejus

786 3105 1034 3170 curiam
1079 3113 1152 3170 de
1190 3113 1397 3186 Ripis⁸
1431 3113 1690 3179 veniens,
1744 3127 1864 3192 per
1923 3111 2162 3168 nuntios
2226 3123 2317 3167 an
2378 3102 2527 3188 paci
2593 3105 2883 3187 acquies-
2911 3107 3061 3185 Eoddi,
3084 3125 3199 3177 mp-

444 3194 562 3246 '¹¹⁰
583 3194 757 3247 bitte*
784 3205 959 3275 cere't
1017 3206 1383 3294 inquisivit.
1477 3215 1700 3285 Quibus
1745 3208 1888 3293 ipse
1932 3231 2039 3287 pro
2074 3212 2320 3284 antiqua
2363 3209 2433 3269 et
2492 3203 2696 3268 insita
2754 3205 2882 3270 sibi
2911 3174 3005 3228 hx’

441 3264 735 3382 affigam
782 3319 1046 3391 nequitia
1081 3321 1227 3374 dure
1271 3310 1707 3396 respondens3
1770 3321 1809 3347 ‘⁶
1835 3320 1951 3375 Per
1986 3317 2236 3386 meam,”
2282 3310 2519 3398 inquit,
2571 3315 2610 3340 “
2635 3316 2885 3375 salutem

784 3425 823 3449 “
854 3421 1011 3492 juro,
1060 3413 1219 3499 quia
1260 3422 1381 3478 nisi
1426 3412 1601 3478 infra
1643 3413 1861 3498 spatia
1906 3439 2008 3477 sex
2042 3420 2271 3477 dierum
2305 3440 2437 3478 meo
2470 3440 2656 3496 regno
2693 3423 2885 3479 deces-

786 3526 825 3552 “
863 3526 1023 3589 serit,
1060 3541 1431 3597 quoscunque
1481 3525 1556 3580 de
1599 3515 1737 3579 suis
1767 3513 2067 3580 invenire
2097 3519 2343 3601 potero,
2385 3515 2529 3581 vita
2557 3514 2886 3603 privabo.”

789 3616 955 3680 Haec
1015 3620 1299 3701 propter,
1345 3625 1500 3682 facta
1545 3625 1944 3698 conjuratione
2007 3622 2237 3682 contra
2299 3639 2467 3698 eum,
2513 3644 2697 3699 regno
2734 3627 2890 3700 quod

780 3718 1035 3784 duobus
1079 3719 1413 3785 mensibus
1456 3719 1678 3784 tenuit
1722 3719 2034 3806 depulsus
2079 3725 2195 3786 est.

1517 3963 1963 4049 [CAPITULUM
2010 3964 2147 4051 LI.]

444 4117 520 4168 At
533 4119 756 4182 asyma,
869 4122 1028 4188 Post
1072 4143 1283 4209 quem,
1328 4135 1612 4203 regnante
1649 4131 1870 4188 osredo
1904 4131 2024 4188 filio
2068 4122 2328 4202 Alfi-idi,
2392 4145 2543 4190 cum
2595 4124 2886 4211 synodus
2910 4133 3071 4250 lesda,
3095 4149 3144 4182 v·

442 4199 572 4311 ἓξὲξ,
587 4185 717 4303 &3¹³1-
783 4231 954 4291 aeset
997 4231 1221 4292 coacta
1257 4234 1431 4306 juxta
1484 4235 1727 4291 fluvium
1774 4233 1918 4299 Nid,
1975 4239 2110 4306 post
2158 4231 2524 4306 aliquantum
2576 4235 2886 4307 utriusque
2981 4236 2995 4249 ‘

443 4316 544 4366 ffid
565 4317 611 4366 is
781 4336 967 4409 partis
1004 4337 1353 4401 conflictum,
1379 4334 1617 4391 tandem
1652 4336 1881 4391 cunctis
1916 4335 2249 4392 faventibus
2271 4326 2518 4392 Beatus
2540 4325 2885 4409 wilfridus

444 4384 685 4445 restored,
784 4431 859 4495 in
902 4430 1122 4496 sedem
1185 4451 1322 4495 suae
1390 4429 1675 4495 ecclesiae
1742 4435 2043 4516 receptus
2106 4435 2221 4494 est.
2315 4429 2523 4517 Cujus
2576 4429 2884 4496 familiari

853 4679 868 4711 ¹
907 4679 986 4744 ut]
1017 4686 1085 4739 et,
1108 4679 1177 4729 A.
1201 4679 1261 4728 B.
1948 4679 1970 4712 ⁸
2006 4679 2184 4746 Ripa]
2212 4680 2408 4746 HripiS,
2428 4683 2489 4733 B.

856 4757 878 4789 ²
913 4756 1210 4825 inclinatus]
1238 4756 1506 4817 inclinans,
1530 4757 1590 4807 B.
2011 4785 2015 4790 «
