3600 5800
346 3536 510 3599 Beda,
531 3536 604 3589 iii.

342 3606 424 3651 28.

343 3831 475 3883 Ibid-

1376 915 1697 967 morona
1741 914 2091 966 mmo,
2664 903 2793 974 177
2897 869 2902 878 ⁸

690 1097 866 1164 mine
912 1098 1270 1179 wlfarius}
1300 1100 1408 1165 vir
1451 1101 1594 1168 Deo
1623 1100 1819 1168 valde
1851 1102 2150 1179 devotus,
2182 1100 2505 1166 famulum
2537 1099 2790 1168 Christi
2812 1084 2899 1159 1'10
2920 1116 3062 1189 stays

684 1200 867 1278 adiit,
914 1224 1194 1288 eumque
1239 1209 1321 1268 ut
1386 1204 1526 1271 loco
1595 1206 1868 1284 cederet,
1915 1226 2264 1291 secumque
2309 1209 2618 1283 maneret,
2665 1205 2788 1269 im-
2812 1188 3071 1305 mg

683 1308 968 1388 portuna
1011 1307 1143 1410 vix·
1176 1328 1365 1392 prece
1412 1308 1721 1388 deflexit3
1765 1314 1835 1373 et
1894 1329 2155 1394 compos
2199 1330 2359 1385 ,suae
2423 1308 2788 1374 voluntatis
2814 1307 2902 1356 ‘1¹⁶
2921 1308 3052 1385 king
3071 1306 3138 1359 of

683 1405 970 1485 effectus,
999 1407 1257 1494 ingenti
1289 1409 1557 1475 beatum
1602 1413 1859 1496 patrem
1891 1410 2261 1480 dilectionis
2290 1410 2534 1478 affectu
2563 1409 2786 1487 coluit,
2814 1371 3026 1424 mmm

684 1508 876 1574 terris
921 1513 990 1575 et
1033 1510 1396 1578 honoribus
1440 1512 1651 1580 auxit.

1400 1738 1849 1824 [CAPITULUM
1896 1736 2070 1823 XV.]

768 1901 1281 1991 Metropolitum.
1343 1927 1499 1972 vero
1562 1907 1749 1972 sedes
1811 1906 2021 1971 totius
2087 1903 2369 1990 Angliae,
2436 1902 2596 1968 dum
2647 1900 2792 1971 haec
2815 1911 3008 1963 whilst
3037 1912 3127 1963 the

682 2003 931 2082 fierent,
984 2011 1246 2091 pastore
1291 2006 1573 2084 carebat,
1621 2006 1948 2083 defuncto,
1989 2009 2070 2069 ut
2101 2004 2549 2090 praediximus,
2579 2003 2790 2069 archi-
2816 1992 2896 2028 ⁸⁸⁶
2914 1979 2978 2027 of
2990 1978 3124 2030 ΟΜ·

2816 2045 3025 2109 terbury

682 2105 982 2192 episcopo
1058 2106 1443 2171 Deusdedit.
1560 2106 1650 2171 Et
1702 2105 2016 2191 quoniam
2080 2110 2274 2170 tanta
2318 2104 2502 2169 sedes
2545 2105 2793 2190 absque
2817 2108 2862 2158 is
2884 2118 3086 2173 vacant,

680 2205 1033 2292 episcopali
1077 2206 1498 2293 providentia
1540 2228 1680 2272 esse
1724 2206 2061 2292 nequibat,
2094 2228 2214 2271 rex
2262 2205 2789 2284 Cantuariorum,
2817 2175 3059 2292 ἓξὲξ-,ᾗ

683 2307 1024 2392 Egbertus,
1058 2308 1251 2373 Beati
1283 2307 1578 2374 wilfi-idi
1624 2308 1982 2394 prudentia
2011 2307 2494 2391 sanctitateque
2540 2307 2788 2386 audita,
2814 2307 2998 2372 biahop
3020 2307 3076 2358 in

680 2409 767 2474 ad
834 2410 1051 2495 ipsum
1112 2409 1335 2489 misit3
1398 2431 1595 2495 quam
1658 2409 2035 2476 humillima
2096 2430 2248 2474 eum
2313 2407 2789 2495 supplicatione
2815 2373 2968 2423 Kent.

681 2515 1069 2589 contestans,
1116 2516 1197 2577 ut
1257 2510 1592 2577 ecclesiam
1635 2511 1983 2576 viduatam
2029 2531 2149 2575 sua
2192 2509 2578 2596 dignaretur
2623 2532 2787 2596 prae-

683 2610 898 2677 sentia
958 2612 1270 2691 visitare;
1332 2632 1455 2697 ope
1517 2610 1983 2677 consolationis
2029 2611 2320 2696 erigere;
2381 2615 2610 2677 contra
2655 2612 2786 2697 spi-

682 2712 952 2778 rituales
1009 2712 1342 2799 nequitias
1402 2712 1633 2799 clypeo
1697 2734 1835 2778 suae
1895 2709 2368 2779 admonitionis
2412 2717 2788 2799 protegere3

683 2818 752 2877 et
797 2834 1076 2901 quaeque
1121 2819 1311 2880 tenor
1369 2813 1823 2881 ecclesiasticae
1869 2812 2249 2879 traditionis
2312 2817 2668 2898 expeteret,
2715 2813 2787 2876 in

685 2933 763 2978 ea
805 2914 1169 3001 pontificali
1214 2915 1609 2981 auctoritate
1640 2921 1950 2981 statuere.
2043 2915 2140 2979 At
2169 2912 2283 2979 ille
2328 2911 2451 2978 tali
2486 2913 2561 2977 in
2591 2934 2789 2980 causa

684 3015 884 3081 reniti
950 3016 1070 3081 fas·
1111 3037 1248 3082 esse
1308 3037 1677 3102 nequaqam
1739 3015 2146 3093 existimans,
2193 3014 2393 3100 regiae
2452 3014 2790 3097 voluntati

682 3137 1020 3182 assensum
1083 3117 1383 3204 praebuit.
1494 3118 1604 3182 Ad
1648 3118 1988 3184 ecclesiam
2018 3117 2229 3204 igitur
2273 3115 2476 3193 venit,
2525 3120 2595 3180 et
2638 3137 2789 3201 quae

684 3239 800 3304 per
844 3219 1171 3305 Spiritum
1241 3218 1561 3285 Sanctum
1623 3220 1881 3305 agenda
1924 3218 2251 3304 cognovit,
2307 3216 2574 3281 sedulus
2619 3217 2787 3283 inibi

682 3319 1193 3386 administravit.
1305 3319 1374 3383 Is
1435 3319 1688 3404 primus
1732 3324 1878 3384 erat
1923 3319 2039 3403 qui
2097 3319 2275 3382 inter
2325 3316 2662 3401 episcopos
2706 3316 2788 3382 de

682 3419 1050 3506 Anglorum
1124 3424 1323 3505 gente
1400 3425 1652 3486 creatos
1725 3419 2122 3485 catholicum
2191 3416 2466 3482 vivendi
2543 3438 2788 3482 morem

684 3521 970 3587 ecclesiis
1037 3520 1295 3586 tradere
1358 3520 1720 3599 didicerat3
1781 3521 1961 3586 unde
2023 3524 2094 3586 et
2147 3527 2428 3601 perplura
2485 3525 2790 3583 catholicae

684 3627 1105 3685 observationis
1139 3626 1543 3683 moderamina.
1587 3640 1848 3706 quaque
1894 3642 2011 3706 per
2046 3621 2308 3687 easdem
2339 3615 2640 3684 ecclesias
2669 3641 2791 3686 sua

685 3720 986 3788 doctrina
1028 3718 1460 3784 diffundebat.
1554 3720 1772 3801 Quare
1821 3730 2042 3786 factum
2077 3736 2187 3798 est,
2225 3735 2310 3795 ut,
2348 3732 2644 3784 crescente
2680 3748 2788 3801 per

684 3829 810 3886 dies
836 3828 1211 3885 institutione
1245 3828 1552 3895 catholica,
1594 3828 1782 3886 Scotti
1819 3847 2038 3898 omnes,
2078 3832 2181 3903 qui
2215 3828 2377 3888 tunc
2402 3828 2786 3886 morabantur

680 3932 835 3987 inter
881 3931 1126 4002 Anglos,
1179 3926 1299 3989 aut
1346 3928 1441 3986 his
1489 3946 1694 3987 manus
1740 3929 1963 3998 darent,
2029 3938 2132 3988 aut
2178 3932 2255 3990 ad
2303 3950 2470 3990 suam
2529 3933 2789 4001 patriam

682 4024 1085 4112 repedarent.

1360 4250 1806 4340 [omn-mou
1869 4249 2079 4339 xvi]

773 4404 1019 4472 Beatus
1062 4414 1285 4474 autem
1315 4408 1680 4487 Wilfridus,
1713 4414 1914 4494 prout
1956 4409 2020 4473 ei
2062 4408 2343 4476 facultas
2386 4408 2618 4486 inerat,
2664 4405 2789 4476 hac
2811 4414 3058 4495 Wilffid’a

683 4506 837 4572 illac
880 4512 1146 4593 propter
1173 4509 1450 4574 verbum
1495 4509 1622 4575 Dei
1668 4509 2245 4587 disseminandum,
2277 4531 2520 4595 magna
2557 4510 2786 4596 populi
2810 4486 3067 4549 epmeopal

2812 4549 2914 4598 and
2933 4552 3055 4600 mis-

684 4606 1062 4694 fiequentia
1104 4609 1475 4687 comitatus,
1522 4630 1791 4697 pergere
1836 4617 2279 4677 consueverat.
2395 4610 2590 4691 Quod
2634 4633 2785 4678 cum
2810 4613 3015 4729 3325?

1374 4803 1393 4836 ¹
1428 4801 1700 4873 wlfadus]
1729 4804 2034 4870 walarius,
2054 4806 2121 4857 B.

2460 4901 2517 4950 u
