3600 5800
596 2728 898 2778 1Pet.v..s

588 2805 768 2866 Queen
787 2807 900 2857 Iur-

589 2873 839 2938 menburg

921 886 1007 950 34
1530 883 1695 948 vrrA'
1740 899 2068 949 wurmm
2115 899 2417 949 muscom

916 1087 991 1153 in
1037 1087 1252 1152 medio
1296 1086 1593 1164 fratrum,
1648 1086 1840 1164 dixit,
1906 1085 2271 1151 “Petamus
2288 1084 2310 1124 ¹
2359 1106 2583 1153 omnes
2629 1085 3034 1151 unanimiter

921 1201 957 1226 ‘⁴
1003 1191 1221 1255 Deum
1267 1190 1463 1277 plena
1515 1190 1644 1255 fide
1704 1196 1784 1256 ut
1842 1191 2130 1256 animam
2190 1188 2389 1275 hujus
2449 1189 2638 1275 pueri
2682 1190 2756 1254 in
2800 1211 3033 1276 corpus

929 1301 962 1326 “
1008 1293 1289 1369 emittat,
1365 1298 1435 1358 et
1498 1291 1704 1367 vivat,
1769 1291 1943 1358 sicut
2011 1290 2214 1356 Paulo
2281 1290 2598 1377 Apostolo
2661 1290 3029 1357 concessit.''

929 1393 1210 1459 Orantes
1256 1414 1408 1480 ergo
1453 1392 1671 1458 Deum
1715 1399 1794 1458 ut
1854 1414 1938 1457 ne
1998 1392 2229 1456 illusor
2287 1392 2500 1457 omnis
2546 1392 2702 1458 bon'i
2722 1392 2748 1432 ²
2792 1393 2864 1458 in
2907 1392 3031 1458 hoc

927 1494 1205 1561 aedificio
1248 1494 1568 1582 gaudium
1611 1494 1909 1559 victoriae
1953 1493 2267 1572 haberet3
2318 1499 2388 1558 et
2431 1493 2768 1559 flectentes
2796 1515 3029 1581 genua,

927 1598 1284 1663 secundum
1331 1596 1597 1662 Heliam
1642 1601 1712 1662 et
1755 1595 2116 1673 Heliseum,
2163 1596 2456 1662 oratione
2501 1594 2678 1661 facta
2720 1617 2762 1661 a
2805 1601 3030 1661 sancto
3069 1588 3079 1601 ’

931 1700 1230 1786 episcopo
1274 1704 1498 1765 nostro
1544 1705 1613 1764 et
1671 1698 2142 1775 benedictione,
2190 1697 2497 1784 spiritum
2542 1698 2704 1762 vitae
2748 1698 3033 1783 recepit;

931 1809 1001 1868 et
1044 1802 1391 1889 alligantes
1450 1800 1688 1867 medici
1751 1801 1989 1886 pannis
2053 1820 2198 1864 ossa
2265 1798 2609 1876 confracta,
2657 1799 2739 1864 de
2799 1798 2905 1864 die
2959 1798 3030 1862 in

931 1906 1105 1970 diem
1151 1905 1532 1971 melioratus
1577 1903 1793 1969 adhuc
1839 1902 2028 1979 vivit,
2078 1909 2147 1967 et
2169 1900 2195 1941 ³
2238 1902 2449 1967 multo
2495 1908 2788 1987 tempore
2835 1902 3027 1979 vixit,

927 2030 1294 2094 nomenque
1340 2013 1441 2073 est
1484 2004 1839 2082 Bothehn,⁴
1879 2005 2126 2092 gratias
2170 2026 2370 2090 agens
2417 2004 2573 2069 De0.

1592 2284 2037 2368 [CAPrrULUM
2085 2281 2361 2366 XXIV]

924 2453 1019 2519 De
1062 2450 1339 2517 ‘invidia
1400 2448 1684 2516 excita-ta
1745 2454 1980 2512 eontra
2037 2447 2426 2533 pontificem
2477 2453 2801 2523 nostrum,
2847 2454 2906 2513 et
2947 2449 3027 2513 cle

1661 2549 1801 2614 sede
1847 2570 1976 2613 most
2021 2548 2303 2633 eoepulso.

1015 2719 1387 2794 Insidiator,
1464 2715 1663 2802 quasi
1753 2714 1848 2779 leo
1937 2714 2230 2798 ‘ru-qima,
2323 2716 2681 2780 secundum
2756 2716 3026 2783 Petrum

927 2819 1335 2908 Apostolum,
1399 2816 1728 2884 circumiit
1819 2814 1992 2879 ovile
2078 2815 2221 2891 Dei,
2292 2836 2591 2901 quaerens
2678 2818 3028 2885 introitum

588 2939 631 2988 is
653 2940 854 3001 jealous
925 2924 1033 2988 die
1078 2928 1425 3005 noctuque,
1472 2918 1759 3004 vigilans
1823 2939 2091 3004 semper,
2146 2918 2431 3003 primum
2481 2918 2762 2984 militem
2809 2921 3026 2986 fortis·

588 3005 649 3055 of
664 3005 885 3057 Wilfrid.

588 3350 710 3397 And

587 3415 781 3466 excites

584 3481 795 3544 Ecgfrid

584 3547 785 3623 against

585 3613 709 3662 lum.

924 3026 1164 3090 simum
1213 3025 1472 3088 vincere
1519 3020 1994 3105 concupiscens,
2042 3025 2120 3084 ut
2149 3019 2370 3084 timidi
2415 3020 2672 3086 facilius
2718 3045 3025 3109 superen-

925 3136 1050 3194 tur.
1143 3129 1478 3195 Consueta
1535 3145 1718 3190 arma
1776 3122 2114 3209 arripiens,
2170 3144 2332 3189 vasa
2377 3123 2638 3210 fragilia
2680 3125 3030 3193 muliebria

924 3231 1249 3316 quaesivit,
1297 3250 1414 3314 per
1458 3248 1607 3314 quae
1661 3231 1878 3290 totum
1937 3224 2261 3288 mundum
2311 3219 2685 3291 'maculavit
2725 3227 3025 3313 frequen-

923 3339 1041 3398 ter.
1159 3332 1334 3396 Nam
1382 3329 1554 3416 regis
1617 3325 1900 3392 chrithi
1955 3326 2198 3412 regina,
2245 3327 2510 3392 nomine
2574 3327 3027 3416 Iurmenburg,

923 3436 1239 3501 suadente
1315 3432 1591 3508 diabole,
1656 3429 1915 3494 invidia
1975 3436 2142 3495 tunc
2204 3430 2515 3515 temporis
2578 3432 3023 3517 torquebatur.

924 3535 1100 3602 Nam
1149 3536 1230 3600 de
1275 3535 1435 3619 lupa
1483 3538 1633 3618 post
1681 3530 2067 3596 occisionem
2128 3531 2316 3617 regia
2362 3553 2536 3617 agna
2579 3531 2723 3610 Dei,
2771 3538 2840 3597 et
2884 3553 3026 3619 per.

921 3641 1093 3706 fecta
1153 3638 1499 3713 abbatissa,
1562 3641 1902 3718 materque
1965 3633 2246 3698 familias
2309 3635 2562 3719 optima
2605 3643 3021 3702 commutata.

919 3742 965 3805 J
966 3761 1336 3826 amJamque
1402 3738 1483 3803 de
1544 3735 1856 3823 pharetra
1900 3756 2020 3799 sua
2088 3739 2446 3800 venenatas
2507 3737 2783 3822 sagittas
2827 3759 3021 3803 vene-

918 3844 1041 3908 fica
1104 3842 1176 3906 in
1239 3863 1348 3907 cor
1407 3840 1595 3925 regiS,
1643 3839 1831 3922 quasi
1894 3836 2284 3921 impiissima
2345 3835 2392 3901 J
2393 3837 2626 3915 ezabel
2673 3838 3024 3924 prophetas

918 3946 1045 4010 Dei
1091 3943 1404 4019 occidens,
1453 3947 1521 4004 et
1583 3938 1850 4004 Heliam
1913 3959 2321 4023 persequens,
2368 3960 2486 4024 per
2527 3939 2835 4003 auditum
2879 3962 3022 4005 ver-

582 4057 651 4091 on
678 4052 893 4093 account
918 4048 1151 4112 borum
1183 4044 1417 4119 emisit,
1451 4061 1840 4106 enumerans
1893 4040 1952 4103 ei
2001 4039 2382 4128 eloquenter
2423 4038 2649 4106 Sancti
2698 4040 3023 4108 Wilfrithi

581 4108 735 4158 ofhis

582 4174 764 4224 wealth
793 4178 896 4225 and
920 4150 1205 4237 episcopi
1275 4168 1536 4212 omnem
1609 4144 1887 4231 gloriam
1950 4144 2092 4228 ejus
2159 4144 2549 4221 saeeularem,
2596 4151 2667 4210 et
2734 4145 3021 4225 divitias,

580 4240 846 4292 mfluenoe.
918 4274 1173 4320 necnon
1221 4250 1665 4318 coenobiorum
1714 4246 2229 4324 multitudinem,
2277 4252 2347 4312 et
2389 4248 2812 4314 aedificiorum
2844 4271 3024 4335 mag·

926 4448 973 4454 ——
1168 4443 1427 4450 ——-—.—-
1446 4441 1519 4448 0..-
1544 4442 1581 4446 -

985 4555 997 4587 ¹
1038 4553 1298 4618 Petamus]
1329 4553 1430 4612 A.;
1468 4552 1727 4611 Petemus,
1749 4550 1864 4600 MS.
2017 4565 2192 4600 means
2215 4550 2328 4599 that
2369 4559 2420 4600 at
2460 4549 2546 4601 the
2586 4551 2711 4602 time
2743 4551 2876 4602 Eddi
2921 4569 3025 4603 m

981 4639 1001 4667 ²
1032 4637 1182 4684 omnis
1207 4632 1342 4699 boni]
1371 4632 1538 4682 omnis
1559 4631 1726 4692 bouis,
1748 4632 1818 4679 A.
2015 4628 2238 4691 waiting,
2259 4628 2498 4678 Bothelm
2537 4629 2640 4679 had
2676 4630 2878 4682 arrived
2917 4641 2968 4681 at
2995 4647 3025 4682 a

985 4715 1008 4746 ³
1042 4711 1343 4772 melioratus,
1409 4709 1572 4761 adhuc
1640 4709 1778 4770 vivit,
1846 4707 1920 4773 ee]
2018 4707 2155 4772 good
2176 4706 2263 4756 old
2287 4721 2399 4770 age.

922 4793 1216 4843 melioratus
1276 4798 1353 4841 eet
1414 4797 1483 4849 et,
1522 4790 1592 4839 A.
1659 4788 1772 4839 The
1816 4795 1926 4837 text
2080 4786 2101 4818 ⁴
2135 4782 2385 4851 Bothelm]
2410 4785 2679 4849 Bodheln,
2702 4789 2772 4837 A.
