3600 5800
1329 900 1646 948 Androm:
1693 900 2048 947 ANONYMO.
2606 883 2736 946 413

633 1088 781 1155 cida
828 1096 1050 1153 mente
1097 1109 1246 1154 cum
1292 1111 1383 1166 eo,
1431 1095 1500 1153 et
1547 1094 1720 1166 ante,
1768 1093 1838 1153 et
1882 1092 2034 1173 post
2079 1108 2230 1152 eum
2277 1085 2574 1165 remisit;
2619 1085 2736 1150 sed

633 1191 890 1277 ingredi
935 1212 1086 1257 cum
1148 1212 1392 1277 pavore
1436 1190 1664 1276 pavidi
1710 1191 1955 1256 mentis
2002 1190 2223 1276 placet
2267 1189 2342 1253 in
2387 1192 2732 1274 patentem

634 1291 913 1378 sylvam,
959 1300 1030 1359 et
1073 1314 1315 1379 paucos
1360 1293 1739 1379 contingere
1784 1313 2000 1359 ramos
2046 1297 2116 1358 et
2160 1311 2423 1376 carpere
2469 1286 2707 1355 flores.1

724 1394 1046 1482 Praecepit
1088 1400 1278 1480 pater
1320 1396 1735 1461 venerandus
1781 1400 1862 1460 ut
1889 1395 1976 1460 ad
2022 1392 2388 1460 beatissimi
2435 1398 2507 1456 et
2549 1391 2733 1458 lucu-
2767 1397 2884 1447 Odo
2906 1398 3055 1446 sends

634 1494 985 1560 lautissimi
1030 1496 1414 1563 confessoris
1443 1502 1646 1581 atque
1677 1495 1942 1562 abbatis
1978 1493 2323 1560 Benedicti
2356 1496 2740 1578 properaret
2767 1463 3061 1581 3222&ssss

635 1595 1061 1675 arcisterium,
1112 1619 1197 1662 ex
1242 1619 1372 1682 quo
1428 1598 1603 1661 idem
1657 1595 1960 1683 pontifex
2015 1595 2305 1680 suscepit
2358 1593 2738 1660 monasticae
2765 1604 3077 1661 monastery.

639 1697 974 1785 religionis
1050 1697 1374 1775 habitum,
1437 1699 1646 1766 sciens
1711 1698 2000 1783 profecto
2062 1697 2241 1762 inibi
2293 1718 2431 1762 esse
2494 1695 2740 1782 perfec-

637 1801 925 1867 tissimos
970 1800 1098 1867 Dei
1128 1823 1365 1878 servoa
1400 1822 1562 1887 quos
1609 1823 1745 1886 prae
1791 1801 2051 1868 caeteris
2079 1804 2358 1866 exornat
2402 1798 2741 1885 religionis

638 1901 975 1969 diadema:
1022 1909 1091 1968 et
1120 1902 1545 1990 institutione
1591 1902 1877 1988 gloriosa
1922 1901 2224 1987 praedicti
2269 1901 2497 1987 patris,
2544 1901 2740 1967 bene-

640 2004 926 2071 dictione
955 2004 1377 2091 praelucentis
1409 2005 1595 2072 ducis
1641 2005 2018 2091 insignituS‚
2065 2009 2134 2069 et
2177 2003 2564 2069 muneribus
2597 2003 2743 2089 dig·

639 2107 927 2172 nissimis
991 2106 1412 2194 approbatus,
1482 2108 1738 2174 concito
1815 2107 2036 2193 pergit
2112 2127 2308 2174 eursu
2384 2107 2744 2171 undisonos

639 2208 880 2277 fluctus
925 2210 1126 2276 maris
1171 2231 1449 2288 cernere,
1483 2209 1741 2274 intrans
1773 2207 2138 2276 Liburnam
2185 2230 2337 2275 cum
2368 2208 2562 2275 sociis
2607 2207 2742 2273 suis

639 2310 987 2377 celerrime.
1082 2311 1417 2378 Hortante
1469 2310 1709 2376 deinde
1773 2316 2054 2397 proreta,
2103 2315 2173 2376 et
2235 2315 2513 2377 sonante
2581 2330 2744 2375 nau-
2770 2314 2882 2365 The

639 2412 825 2491 clero,
871 2413 1197 2500 navigant
1243 2433 1392 2479 cum
1440 2413 1682 2478 mentis
1729 2413 1990 2498 gaudio.
2083 2412 2441 2478 Arridebat
2485 2411 2746 2498 Zephy-
2769 2396 2871 2447 ‘005
2873 2396 2983 2447 1²80·

639 2536 752 2579 rus
819 2515 995 2601 ipsis,
1045 2515 1286 2600 quibus
1333 2522 1401 2580 et
1470 2515 1711 2580 Boreas
1757 2537 1891 2579 non
1957 2514 2161 2580 dabat
2227 2515 2568 2601 crepitum,
2614 2514 2747 2592 sed,

637 2615 907 2682 favente
953 2618 1252 2710 omnium
1298 2638 1517 2683 rerum
1565 2616 2040 2695 Gubernatore‚
2071 2616 2359 2682 famulus
2390 2617 2534 2694 Dei,
2567 2638 2749 2703 pros·

639 2740 797 2804 pero
865 2725 1168 2806 suscepto
1234 2719 1523 2805 navigio,
1592 2718 1786 2784 littus
1864 2718 2162 2786 ascendit
2222 2739 2372 2784 cum
2433 2718 2746 2804 tripudio,

638 2828 840 2908 atque
886 2828 1036 2910 post
1080 2843 1436 2910 paucorum
1485 2823 1740 2887 dierum
1788 2842 2050 2890 cursum
2098 2820 2580 2911 Francigenum
2626 2820 2750 2885 ad-

641 2930 809 2989 eunt
871 2925 1191 2990 eximium
1255 2948 1550 3011 regnum,
1600 2930 1669 2990 et
1736 2946 1886 2992 cum
1943 2924 2183 2991 laetitia
2247 2924 2472 2991 devoti
2536 2924 2748 2991 cordis

641 3029 1040 3111 perveniunt
1114 3027 1200 3093 ad
1264 3028 1638 3093 coenobium
1705 3026 2093 3118 Floria-cum.
2210 3026 2531 3112 Regimen
2592 3047 2749 3092 vero
2775 3030 2860 3080 He
2882 3027 3071 3080 arrives

640 3128 848 3213 ipsius
893 3128 1296 3194 celeberrimi
1343 3128 1469 3194 loci
1515 3149 1592 3193 ea
1637 3133 2032 3214 tempestate
2064 3128 2416 3214 praeclarus
2461 3128 2747 3193 famulus
2773 3096 3057 3212 athfflgum

643 3226 894 3292 Christi
962 3228 1208 3293 Wlfald
1256 3228 1576 3314 {gloriosis
1644 3228 1867 3292 tenuit
1929 3228 2202 3305 actibu8‚
2251 3230 2363 3313 qui
2428 3229 2485 3315 ej
2495 3252 2570 3293 us
2633 3229 2748 3294 ad-
2774 3228 2969 3342 vlllllfald
2989 3227 3033 3277 is

642 3334 921 3394 ventum
952 3330 1228 3396 audiens
1261 3330 1480 3415 dignis
1510 3329 1801 3406 auribus,
1833 3330 2029 3394 laetus
2075 3336 2175 3395 est
2220 3331 2411 3396 corde
2442 3331 2712 3397 effectus
2733 3355 2749 3409 ;
2773 3300 2795 3344 ι
2832 3309 2861 3344 ‘³
2883 3296 3054 3345 abbot.

644 3451 839 3515 quem
914 3452 1063 3496 cum
1131 3431 1451 3496 laudabili
1516 3431 1778 3516 excepit
1845 3431 2110 3508 honore,
2181 3452 2258 3497 ac
2327 3433 2748 3518 postmodum

644 3533 818 3599 infra
861 3534 1242 3600 monasterii
1288 3531 1576 3601 claustra
1620 3533 1999 3599 introduxit
2045 3556 2196 3600 cum
2241 3535 2685 3602 veneratione.

734 3633 1082 3702 Oswaldus
1149 3639 1390 3712 autem,
1459 3634 1757 3722 egregius
1827 3634 2193 3714 Israhelita‚
2262 3658 2537 3703 munera
2600 3658 2748 3724 quae
2773 3643 2979 3695 Oswald

644 3735 888 3802 detulit
932 3756 1148 3802 coram
1195 3735 1501 3800 omnibus
1555 3735 1872 3801 fratribus
1918 3736 2217 3822 protulit,
2264 3759 2413 3824 quae
2476 3739 2748 3805 inedici-
2774 3711 3088 3843 &2⁸3⁵th

643 3837 866 3904 biliter
925 3844 1086 3903 sunt
1128 3859 1170 3903 a
1213 3838 1468 3905 cunctis
1533 3843 1853 3924 suscepta,
1902 3845 1972 3904 et
2038 3839 2123 3905 ab
2191 3841 2519 3906 universis
2581 3842 2750 3907 miro
2773 3844 3031 3895 brethren.

643 3940 854 4027 elogio
878 3952 910 3988 θ’
953 3940 1241 4019 laudata,
1289 3941 1448 4026 quia
1501 3940 1572 4005 in
1619 3961 1848 4007 mensa
1918 3946 2125 4019 erant,
2174 3942 2431 4030 piisque
2483 3944 2750 4009 honori-

643 4042 768 4108 bus
813 4043 1028 4130 digna
1108 4041 1368 4109 Deinde
1415 4048 1641 4109 astans
1672 4044 2019 4132 perspicax
2050 4050 2205 4130 tyro
2250 4066 2467 4112 coram
2497 4047 2753 4113 cunctis

643 4146 856 4213 sancti
900 4146 1133 4213 castris
1191 4145 1527 4223 fratribus,
1573 4152 1644 4211 et
1703 4146 1895 4212 velut
1942 4146 2235 4233 inclytus
2299 4149 2441 4213 dux
2506 4147 2753 4216 Niliaci

645 4248 830 4334 regni
875 4253 1031 4314 ante
1063 4247 1490 4326 Pharaonem,
1523 4248 1616 4315 sic
1659 4249 1771 4335 pio
1803 4271 2074 4316 exorsus
2120 4255 2222 4316 est
2265 4271 2390 4317 ore.
2463 4258 2495 4286 “
2516 4250 2753 4318 C'aeles-

1355 4417 1375 4440 ⁸
1401 4410 1577 4464 alwio]
1606 4410 1849 4464 locutione,
1867 4411 2030 4457 interl.

714 4620 730 4652 ¹
765 4622 875 4672 The
919 4622 1084 4671 words
1127 4624 1253 4673 “Tu
1297 4624 1513 4673 autem’'
1561 4638 1647 4673 are
1745 4624 1899 4673 taken
1946 4622 2078 4672 from
2124 4621 2213 4671 the
2251 4622 2365 4673 well
2406 4623 2596 4675 known
2640 4639 2757 4675 sen·

645 4699 913 4752 interlined
942 4701 1081 4761 here,
1104 4700 1383 4768 indicating
1404 4702 1492 4752 the
1513 4703 1649 4752 close
1746 4709 1895 4752 tenee
1918 4708 1972 4751 at
1993 4700 2083 4750 the
2105 4701 2206 4750 end
2228 4698 2287 4749 of
2327 4701 2417 4752 the
2439 4703 2679 4755 Lectione
2703 4704 2756 4755 in

645 4778 704 4830 of
722 4778 935 4829 another
956 4778 1176 4843 chapter.
1239 4781 1349 4830 The
1373 4781 1537 4831 words
1562 4796 1647 4831 are
1748 4780 1834 4830 the
1861 4779 2119 4844 Breviary.
