3600 5800
454 2047 461 2053 ·
532 2045 669 2082 same
691 2032 828 2084 time.

874 844 1006 910 340
1647 854 1809 907 Ama
1851 854 2212 910 mom

530 1045 618 1160 ξε
638 1044 823 1162 ᾶῖἰεῐε
867 1044 1231 1123 formidine,
1279 1066 1477 1131 quam
1537 1045 1812 1110 virtutis
1871 1051 2216 1112 revocatus
2259 1065 2496 1111 amore.
2588 1045 2753 1112 Ecce
2787 1051 2800 1110 1
2848 1045 2960 1112 hic

533 1120 775 1243 ,ἓξὲξ
868 1146 1258 1214 miraculum
1303 1147 1465 1213 satis
1524 1146 1625 1210 illi
1672 1147 2027 1233 consimile,
2077 1148 2256 1233 quod
2301 1147 2544 1214 accidit
2585 1168 2782 1214 auras
2828 1169 2970 1213 car-

868 1246 1067 1335 pente
1127 1254 1354 1315 sancto
1396 1247 1797 1315 confessore.
1891 1248 2094 1316 Nunc
2142 1249 2318 1314 enim
2379 1249 2521 1328 iste,
2572 1270 2972 1335 praesumens

868 1353 1115 1417 irruere
1179 1352 1251 1415 in
1312 1350 1712 1437 peculiarem
1780 1350 2101 1437 populum
2152 1350 2398 1429 Sancti,
2464 1357 2655 1417 ustus
2733 1357 2835 1416 est
2899 1351 2972 1415 in

870 1452 1072 1539 pede3
1120 1458 1280 1519 tunc
1327 1457 1518 1516 ustus
1565 1458 1667 1518 est
1712 1453 2026 1519 diaconus
2072 1474 2230 1517 suus
2283 1452 2355 1517 in
2399 1453 2581 1532 facie,
2615 1459 2858 1519 temere
2903 1473 2972 1516 se

534 1551 633 1603 See
649 1549 836 1604 before.
870 1552 1174 1639 ingerens
1219 1558 1298 1618 ut
1326 1553 1655 1640 particeps
1709 1558 1880 1619 esset
1920 1554 2195 1619 visionis
2225 1576 2379 1632 suae,
2412 1554 2573 1619 dum
2604 1555 2668 1620 ei
2697 1575 2970 1641 appare-

868 1660 972 1720 ret
1016 1655 1235 1721 oranti
1282 1653 1574 1741 Spiritus
1622 1654 1907 1722 Sanctus
1953 1655 2025 1720 in
2071 1655 2446 1723 columbina
2490 1656 2719 1742 specie.

530 1766 766 1844 Another
955 1757 1119 1823 Erat
1179 1757 1406 1822 eodem
1473 1763 1765 1842 tempore
1829 1756 1935 1821 vir
1992 1757 2178 1835 alius,
2253 1778 2529 1844 magnus
2591 1761 2661 1823 et
2719 1762 2970 1843 potens,

529 1833 783 1966 ffiffey
863 1881 993 1945 quo
1054 1858 1278 1925 nullus
1342 1859 1416 1923 in
1475 1879 1676 1944 regno
1735 1857 1958 1943 major,
2005 1858 2227 1924 nullus
2293 1859 2366 1923 in
2432 1859 2641 1925 totius
2684 1859 2968 1945 regionis

532 1973 586 2014 at
606 1965 693 2016 the
863 1962 1122 2026 ambitu
1198 1960 1549 2046 potentior.
1641 1959 2078 2026 Accesserunt
2137 1961 2224 2027 ad
2292 1980 2459 2039 eum,
2508 1961 2773 2047 cognita
2825 1961 2968 2047 ejus

863 2062 1163 2148 potentia
1238 2067 1307 2126 et
1380 2060 1751 2146 tyrannide,
1816 2066 1895 2126 ut
1954 2061 2316 2139 dicebatur,
2379 2061 2652 2147 quidam
2727 2062 2967 2126 mentis

863 2163 1185 2250 malignae,
1208 2171 1221 2177 ’
1248 2148 1753 2227 indemnitatem
1800 2162 2141 2229 Beverlaci
2205 2162 2478 2229 moleste
2538 2163 2836 2240 ferentes,
2898 2168 2969 2227 et

860 2288 946 2330 ex
990 2287 1216 2330 eorum
1261 2263 1662 2330 successibus
1708 2270 2180 2331 macrescentes
2226 2264 2486 2331 invidia
2530 2265 2965 2352 suggillante:

860 2369 1101 2453 quibus
1145 2369 1388 2434 damna
1445 2389 1566 2434 sua
1608 2367 1997 2433 viderentur
2056 2367 2322 2447 leviora,
2370 2369 2428 2433 si
2473 2368 2583 2441 vel
2643 2369 2963 2463 omnibus,

861 2470 969 2534 vel
1041 2470 1276 2535 saltem
1351 2469 1589 2536 vicinis
1683 2475 1903 2535 essent
1975 2471 2384 2551 eommunia3
2474 2471 2812 2537 videretur
2872 2471 2964 2536 eis

858 2592 980 2636 sua
1023 2571 1203 2637 laesio
1234 2571 1458 2637 mitior
1501 2575 1571 2636 et
1615 2570 2032 2649 tolerabilior,
2079 2572 2137 2637 si
2181 2572 2331 2637 aliis
2375 2573 2731 2639 consimilis
2791 2572 2968 2637 infli-

522 2680 576 2731 A
599 2684 788 2733 second
854 2677 1120 2759 geretur
1180 2673 1289 2738 vel
1348 2673 1624 2761 gravior.
1719 2673 1831 2751 Hi,
1896 2675 2185 2759 inquam,
2247 2696 2317 2739 se
2378 2674 2722 2740 offerentes
2781 2674 2964 2738 illius

519 2748 794 2866 {fffflgffi
851 2775 1141 2860 potentis
1205 2774 1597 2860 conspectui,
1678 2779 2057 2840 constanter
2131 2775 2596 2842 asseverabant
2655 2775 2962 2841 Beverla-

519 2886 575 2939 to
597 2882 755 2933 break
853 2898 1074 2944 censes
1148 2899 1284 2964 prae
1343 2876 1492 2942 aliis
1551 2875 1748 2963 regiae
1812 2875 2144 2961 majestati
2200 2898 2337 2942 esse
2398 2875 2712 2957 rebelles;
2788 2876 2960 2964 regis

474 2949 795 3081 ‘lgfivffiges
853 2984 923 3044 et
967 2979 1168 3066 regni,
1214 2978 1596 3044 libertatum
1658 2982 1727 3042 et
1787 2955 2281 3064 privilegiorum
2342 2999 2608 3043 suorum
2662 2978 2958 3055 obtentu,
3021 3039 3026 3044 .

517 3078 579 3128 of
594 3095 740 3132 88110-
854 3081 1126 3160 ὶηίῖθειί-,οε
1171 3102 1309 3147 esse
1354 3079 1730 3167 proditores.
1825 3079 1916 3162 In¹
1938 3079 2124 3165 cujus
2153 3079 2250 3145 rei
2296 3084 2756 3166 argumentum
2802 3080 2961 3145 alle-

514 3151 682 3212 tum-y,
853 3183 1117 3270 gabant,
1153 3182 1310 3269 quia
1352 3183 1425 3246 in
1456 3182 1620 3247 villa
1664 3181 2120 3247 Beverlacensi
2142 3180 2325 3267 jugis
2356 3187 2501 3246 erat
2543 3181 2959 3248 inimicorum

852 3285 1025 3372 regis
1084 3284 1476 3371 receptati03
1536 3283 1783 3348 ibidem
1851 3283 2371 3349 recondebantur
2415 3284 2771 3348 eorundem
2812 3282 2959 3349 the-

514 3401 585 3530 3?
592 3396 820 3533 3¹⁰3ss
850 3384 1866 3575 ἓῗᾟῖωῗέξῖἷᾚῗθὲρᾚοῖ
1900 3383 2956 3572 ’ῗέᾼῗῖοῗῗὶἶῗέὶθὲῖῗὲἓΐὲἲὲ

513 3534 569 3634 3?
579 3521 759 3637 {3⁰¹¹
848 3592 949 3657 Ut
1014 3596 1239 3657 autem
1284 3589 1599 3657 efficacior
1644 3593 1816 3654 esset
1866 3538 2173 3673 ’ipsorum
2233 3588 2590 3674 instigatio,
2638 3539 2957 3675 protestaj

512 3653 722 3705 abusos.
847 3693 1093 3758 bantur
1166 3692 1291 3757 sub
1355 3691 1749 3776 juramento
1820 3689 1997 3774 quod
2063 3690 2119 3753 si
2195 3689 2335 3775 ipse
2408 3689 2481 3753 in
2546 3711 2821 3775 persona
2882 3711 2958 3755 eo

849 3793 1052 3859 vellet
1117 3792 1436 3869 accedere,
1481 3790 1591 3855 vel
1637 3789 1871 3855 saltem
1933 3788 2409 3856 commilitones
2477 3795 2547 3856 et
2598 3792 2955 3857 servientes

847 3917 998 3962 suos
1041 3897 1116 3960 in
1144 3916 1347 3961 manu
1391 3893 1662 3959 robusta
1706 3913 1784 3976 eo
1831 3892 2176 3970 destinare,
2209 3897 2469 3958 tantam
2500 3892 2595 3958 ibi
2626 3892 2955 3960 obtineret

846 3998 1158 4086 pecuniae,
1222 3996 1368 4063 auri
1431 3998 1502 4060 et
1575 3993 1849 4079 argenti,
1912 3993 2410 4071 abundantiam,
2491 4015 2625 4079 qua
2681 3995 2953 4081 adjutus
3089 4076 3096 4083 ἱ

846 4102 1349 4169 universitatem
1415 4097 1706 4163 hostium
1782 4115 2052 4160 suorum
2126 4095 2452 4182 trepidam
2527 4097 2827 4164 redderet
2888 4103 2956 4163 et

846 4205 1199 4274 confusam.
1323 4200 1624 4287 Idipsum
1685 4198 1747 4263 ei
1808 4197 2218 4263 intimabant
2292 4203 2363 4264 et
2429 4199 2535 4264 sui
2579 4198 2952 4278 familiares,

846 4305 1209 4373 insatiabili
1284 4300 1605 4368 desiderio
1668 4299 1955 4384 quaestui
2037 4304 2106 4365 et
2179 4298 2360 4366 lucro
2441 4299 2815 4382 inhiantes3
2867 4302 2954 4369 ad

849 4411 1025 4476 idem
1099 4405 1465 4494 instigabat
1540 4401 1912 4489 praedictus,
1974 4401 2272 4468 nondum
2331 4399 2693 4470 sufficiente
2754 4426 2954 4491 poena

846 4491 1217 4598 correp‘tus;
1260 4529 1378 4595 per
1442 4505 1650 4572 alium
1716 4504 1958 4591 exequi
2002 4504 2230 4570 volens
2276 4510 2346 4574 et
2405 4507 2727 4592 perficere,
2771 4508 2953 4593 'quod

844 4636 963 4700 per
1007 4634 1077 4677 se
1119 4633 1242 4677 nee
1284 4629 1484 4675 ausus
1529 4612 1631 4673 est
1674 4605 2050 4692 adimplere.

936 4714 1196 4778 Horum
1240 4710 1484 4780 crebris
1513 4714 1584 4775 et
1626 4705 1929 4796 repeffitis
1959 4708 2495 4795 persuasionibus
2526 4709 2948 4797 adquiescens
