3600 5800
581 2257 696 2308 The
718 2259 850 2309 aoei-

583 2327 705 2374 dent
727 2331 783 2374 to

582 2392 743 2440 Here-

582 2458 774 2521 baud).

915 903 1043 964 516
1780 916 2151 965 APPENDIX.

914 1101 953 1126 “
991 1100 1273 1171 primaevo
1298 1101 1704 1156 adolescentiae
1727 1102 2031 1172 tempore
2016 1121 2077 1156 m
2100 1102 2256 1158 clero
2279 1102 2441 1158 illins
2465 1103 2744 1173 degerem
2778 1102 3013 1173 legendi

916 1184 952 1208 ‘⁸
993 1182 1230 1253 quidem
1279 1184 1639 1254 canendique
1681 1183 1893 1238 studiis
1929 1184 2197 1247 traditae,
2237 1184 2338 1239 sed
2373 1202 2493 1239 non
2528 1185 2719 1239 adhuc
2756 1186 3016 1239 animum

914 1261 953 1287 “
992 1262 1251 1331 perfecte
1303 1278 1339 1315 a
1391 1262 1754 1332 juvenilibus
1814 1253 2168 1339 prohibens
2233 1263 2545 1328 illecebris,
2594 1262 2851 1354 contigit
2920 1262 3018 1316 die

916 1344 953 1367 “
992 1340 1241 1411 quadam
1278 1357 1383 1393 nos
1418 1340 1535 1394 iter
1574 1346 1815 1411 agentes
1852 1359 1988 1397 cum
2023 1344 2127 1398 illo
2164 1343 2465 1398 devenisse
2500 1343 2561 1396 in
2585 1343 2744 1397 viam
2778 1344 3017 1438 plenam

914 1424 956 1449 “
994 1430 1055 1477 et
1090 1424 1363 1494 amplam,
1395 1430 1702 1495 aptamque
1739 1426 1940 1481 cursui
1976 1443 2287 1498 equorum·
2274 1467 2289 1491 ‚
2328 1430 2745 1498 coeperuntque
2770 1426 3019 1498 juvenes

916 1507 955 1531 “
995 1506 1093 1577 qui
1136 1524 1268 1561 cnm
1317 1508 1441 1579 ipso
1491 1513 1676 1572 erant,
1716 1508 1969 1563 maxime
2017 1509 2174 1574 laici,
2211 1510 2506 1581 postulare
2555 1510 2912 1580 episcopum,
2951 1513 3018 1563 ut

918 1591 956 1616 “
995 1607 1169 1644 cursu
1215 1591 1435 1661 majore
1475 1607 1651 1660 equos
1700 1609 1834 1646 snos
1883 1593 2136 1647 invicem
2180 1593 2427 1664 probare
2474 1593 2696 1647 liceret.
2794 1593 2879 1646 At
2915 1590 3018 1645 ille

919 1675 958 1699 “
995 1674 1187 1745 primo
1221 1675 1481 1743 negavit,
1519 1674 1769 1729 otiosum
1818 1674 2021 1730 dicens
2069 1693 2194 1731 esse
2232 1677 2386 1746 qnod
2422 1676 2865 1741 desiderabant3
2916 1673 3019 1729 sed

919 1759 957 1783 “
996 1755 1072 1810 ad
1095 1757 1372 1812 ultimum
1407 1758 1728 1812 multorum
1752 1759 2030 1813 unanima
2054 1758 2377 1814 intentione
2403 1758 2698 1822 devictus,
2685 1781 2697 1792 ·
2742 1760 2756 1783 ⁸
2776 1758 2993 1821 Facite,
3000 1756 3017 1779 ³¹

920 1829 956 1853 “
995 1827 1232 1912 inquit,
1285 1839 1299 1862 ‘
1327 1837 1377 1891 si
1411 1838 1609 1900 vultis,
1648 1837 1732 1891 ita.
1765 1844 1964 1893 tamen
2013 1843 2080 1893 nt
2122 1837 2421 1894 Herebald
2463 1838 2537 1892 ab
2574 1838 2678 1892 illo
2731 1856 2794 1892 se
2830 1842 3014 1892 certa-

923 1926 959 1951 “
1002 1924 1205 1979 ‘mine
1228 1923 1491 1979 funditus
1516 1925 1853 1980 abstineat?
1925 1925 2105 1980 Porro
2132 1940 2251 2004 ego
2300 1927 2426 1999 ipse
2474 1924 2818 1997 diligentius
2859 1924 3018 1978 obse-

924 2006 960 2030 “
998 2020 1189 2067 crans,
1229 2009 1296 2059 nt
1344 2010 1404 2058 et
1439 2004 1589 2058 mihi
1624 2004 1890 2059 certandi
1925 2021 2057 2060 cum
2105 2006 2224 2062 illis
2267 2006 2433 2077 copia
2467 2005 2727 2070 daretur,
2768 2002 3016 2058 fidebam

920 2083 960 2109 “
999 2100 1254 2153 namque
1279 2101 1425 2154 equo
1449 2101 1620 2154 quem
1657 2083 1847 2139 mihi·
1831 2102 1954 2156 lpse
1985 2086 2271 2156 optimum
2297 2086 2630 2150 donaverat,
2658 2076 2772 2142 sed
2808 2098 3022 2154 nequa·

921 2171 958 2196 ‘⁸
1002 2188 1177 2241 quam
1211 2170 1530 2241 impetrare
1568 2163 1691 2229 hoc
1735 2163 1943 2248 potui.

995 2251 1142 2304 “At
1190 2268 1325 2305 cum
1379 2250 1590 2322 saepius
1642 2252 1757 2307 huc
1808 2256 1983 2323 atque
2037 2253 2179 2308 illuc
2227 2258 2525 2325 spectante
2579 2270 2673 2308 me
2726 2252 3016 2324 episcopo,

921 2328 955 2355 “
1001 2321 1313 2386 concitati
1372 2330 1436 2384 in
1487 2348 1724 2386 cursum
1778 2324 1931 2408 equi
1994 2337 2452 2398 reverterentur,
2503 2336 2564 2386 et
2618 2333 2741 2404 ipse
2801 2330 3018 2385 lascivo

921 2412 959 2437 “
1000 2416 1310 2482 superatus
1341 2408 1535 2463 animo
1568 2425 1683 2464 non
1717 2429 1814 2467 me
1850 2411 2017 2507 potui
2040 2411 2327 2475 cohibere,
2354 2411 2472 2476 sed,
2502 2411 2844 2483 prohibente
2878 2408 3020 2463 licet

919 2496 958 2520 ‘⁸
996 2494 1119 2558 illo,
1145 2492 1478 2548 ludentibus
1525 2508 1618 2546 me
1665 2495 1897 2561 miscui,
1938 2501 1999 2550 et
2049 2495 2224 2549 simul
2275 2512 2452 2549 cursu
2492 2493 2628 2565 equi
2675 2491 3018 2548 contendere

916 2574 956 2599 ‘⁶
995 2572 1163 2643 coepi.
1262 2571 1428 2640 Quod
1476 2584 1626 2628 cum
1662 2591 1918 2644 agerem,
1958 2574 2156 2629 audivi
2204 2574 2373 2629 illum
2421 2578 2555 2644 post
2595 2578 2832 2643 tergum
2872 2570 3018 2625 mihi

917 2654 956 2680 “
995 2670 1130 2707 cum
1166 2651 1391 2720 gemitu
1425 2650 1745 2707 dicentem:
1797 2656 1813 2680 ‘
1832 2652 1881 2708 O
1918 2670 2091 2723 quam
2127 2670 2425 2722 magnum,
2448 2668 2556 2715 vae,
2583 2651 2727 2705 facis
2750 2649 2897 2706 mihi
2935 2649 3019 2704 sic

918 2736 957 2762 “
998 2738 1012 2762 ‘
1041 2732 1393 2804 equitando?
1515 2734 1592 2788 Et
1640 2752 1750 2804 ego
1798 2734 2058 2799 audiens,
2113 2734 2497 2790 nihilominus
2556 2733 2769 2805 coeptis
2828 2733 3018 2788 institi

917 2819 955 2843 “
993 2816 1214 2872 vetitis.
1327 2815 1387 2870 N
1390 2833 1454 2870 ec
1503 2833 1683 2880 mora,
1733 2816 1875 2872 dum
1924 2818 2155 2873 fervens
2201 2835 2387 2886 equus
2436 2816 2727 2887 quoddam
2786 2818 3018 2873 itineris

918 2902 955 2928 ‘⁸
995 2917 1312 2955 concavum
1347 2894 1676 2954 valentiore‘
1700 2898 1929 2972 impetu
1960 2899 2301 2963 transiliret,
2326 2898 2530 2970 lapsus
2564 2897 2776 2966 decidi,
2802 2906 2863 2955 et
2885 2918 3019 2955 mox

919 2986 958 3012 “
997 2982 1160 3037 velut
1193 2981 1481 3037 emoriens
1531 2998 1765 3036 sensum
1813 2981 2047 3053 penitus
2095 2986 2435 3052 motumque
2484 2998 2714 3036 omnem
2766 2982 3014 3053 perdidi.

919 3070 957 3095 “
998 3068 1142 3137 Erat
1199 3082 1448 3136 namque
1508 3064 1611 3119 illo
1672 3065 1733 3120 in
1807 3065 1934 3120 loco
1995 3064 2144 3136 lapis
2203 3071 2377 3120 terrae
2440 3064 2699 3136 aequalis,
2753 3066 3019 3122 obtectus

917 3153 954 3178 “
994 3151 1216 3220 cespite
1265 3148 1449 3212 tenni,
1489 3164 1675 3219 neque
1717 3148 1874 3204 ullus
1922 3149 2072 3204 alter
2120 3149 2180 3202 in
2215 3154 2340 3204 tota
2386 3148 2490 3202 illa
2530 3148 2723 3221 campi
2770 3150 3018 3221 planitie

914 3237 953 3263 ‘⁶
990 3236 1142 3305 lapis
1196 3232 1451 3288 inveniri
1504 3237 1777 3304 poterat3
1848 3250 2102 3305 casuque
2151 3233 2368 3299 evenit,
2419 3232 2512 3288 vel
2560 3234 2753 3303 potins
2802 3234 3019 3291 Divina

916 3323 953 3347 “
992 3318 1338 3392 provisione,
1367 3317 1442 3372 ad
1477 3317 1837 3388 puniendam
1872 3318 2286 3374 inobedientiae
2321 3335 2467 3372 meae
2491 3317 2746 3389 culpam,
2773 3326 2841 3375 ut
2862 3319 3018 3375 hunc

915 3408 953 3431 “
993 3406 1183 3477 capite
1233 3421 1299 3458 ac
1335 3420 1517 3457 manu
1554 3421 1729 3474 qnam
1770 3404 1951 3475 capiti
1998 3422 2174 3459 ruens
2212 3419 2650 3475 supposueram,
2688 3409 3014 3475 tangerem,

915 3490 954 3515 ‘⁸
993 3493 1168 3558 etque
1206 3486 1454 3540 infracto
1489 3485 1700 3556 pollice
1736 3486 1948 3557 capitis
1983 3504 2214 3558 quoqne
2244 3485 2524 3558 junctura
2559 3486 2915 3553 solveretnr3
2958 3492 3019 3542 et

916 3572 955 3597 “
994 3586 1125 3641 eg0,
1161 3575 1228 3624 nt
1262 3567 1404 3634 dixi,
1431 3568 1769 3624 simillimus
1801 3576 2030 3625 mortuo
2063 3570 2284 3626 fierem.
2360 3570 2436 3624 Et
2470 3568 2607 3640 qnia
2641 3570 2863 3625 moveri
2901 3587 3016 3626 non

915 3666 952 3691 “
992 3667 1277 3734 poteram,
1304 3651 1665 3717 tenderunt
1699 3660 1919 3716 ibidem
1958 3662 2313 3734 papilionem
2348 3662 2412 3716 in
2448 3674 2578 3738 quo
2606 3660 2885 3732 jacerem.

1704 3892 1990 3977 [Lsorlo
2037 3892 2255 3977 VIII.]

987 4066 1025 4090 ‘⁶
1056 4063 1200 4117 Erat
1224 4064 1417 4116 autem
1455 4058 1599 4115 hora
1623 4059 1739 4114 diei
1767 4060 2001 4116 circiter
2024 4060 2291 4132 septima.
2365 4058 2638 4115 Mortuus
2674 4077 3019 4132 permanens

915 4150 952 4175 “
991 4154 1132 4202 tunc
1156 4143 1461 4216 paululum
1497 4142 1804 4208 reviviscm
1834 4142 2105 4212 ferorque
2142 4143 2381 4197 domum
2416 4159 2453 4196 a
2476 4141 2671 4207 sociis,
2699 4159 2767 4197 ac
2803 4144 3017 4199 tacitus

916 4233 954 4258 ‘⁶
994 4236 1118 4285 tota
1152 4230 1324 4283 nocte
1366 4226 1634 4298 perdum.
1723 4225 2049 4281 Vomebam
2098 4231 2298 4281 autem
2346 4225 2713 4296 sanguinem,
2757 4244 2827 4281 eo
2863 4227 3019 4298 quod

917 4315 952 4341 “
995 4317 1055 4368 et
1089 4312 1387 4366 interanea
1423 4315 1621 4364 essent
1661 4306 1884 4364 ruendo
1923 4309 2212 4364 convulsa.
2326 4307 2411 4362 At
2448 4309 2756 4380 episcopus
2796 4309 3018 4379 gravis-

916 4400 953 4424 “
994 4399 1140 4453 sime
1176 4393 1247 4449 de
1296 4411 1434 4448 casu
1486 4400 1546 4448 et
1584 4393 1828 4448 interitu
1865 4409 1996 4448 meo
2046 4392 2297 4457 dolebat,
2336 4409 2405 4446 eo
2442 4391 2596 4463 qnod
2636 4409 2730 4446 me
2777 4393 3018 4464 speciali

917 4485 951 4508 “
994 4481 1268 4550 diligeret
1321 4476 1535 4533 affectu
1554 4499 1569 4541 ς
1632 4493 1739 4531 nec
1789 4476 1979 4531 voluit
2030 4482 2199 4532 nocte
2245 4476 2350 4530 illa
2389 4475 2560 4546 juxta
2607 4491 2832 4530 morem
2883 4493 3017 4530 cum

914 4567 952 4591 “
993 4562 1220 4619 clericis
1253 4561 1374 4615 suis
1408 4577 1662 4625 manere,
1702 4577 1905 4615 verum
1941 4560 2095 4615 solus
2132 4561 2193 4617 in
2229 4560 2490 4614 oratione
2532 4560 2850 4630 persistens
2882 4576 3019 4614 noc-

916 4652 952 4677 “
991 4655 1113 4703 tem
1140 4646 1390 4700 ducebat
1500 4644 1797 4715 rvigilem,
1826 4662 1930 4715 pro
1954 4661 2105 4710 mea,
2145 4651 2213 4698 ut
2250 4661 2399 4709 reor,
2440 4644 2717 4716 sospitate
2750 4661 3017 4714 supernae

916 4729 955 4753 “
992 4725 1200 4798 pietati
1250 4737 1419 4802 supp
1473 4737 1634 4781 care.
1752 4724 1830 4777 Et
1866 4741 2034 4777 mane
2083 4724 2269 4794 primo
2320 4723 2615 4793 ingressus
2661 4722 2737 4776 ad
2784 4739 2896 4787 me,
2949 4739 3017 4776 ec

911 4807 950 4835 “
990 4806 1146 4862 dicta
1193 4821 1367 4876 super
1401 4822 1497 4861 me
1547 4803 1827 4865 oratione,
1863 4803 2094 4857 vocavit
2139 4820 2232 4857 me
2273 4802 2508 4857 nomine
2568 4818 2718 4869 meo,
2757 4808 2818 4857 et
2851 4800 3017 4872 quasi
