3600 5800
803 914 931 979 206
1411 927 1577 977 vrrA
1619 928 1950 978 mmmm
1994 928 2297 977 Er1scor1

799 1111 927 1175 sibi
995 1108 1409 1175 familiariter
1473 1116 1738 1198 accepto
1807 1113 2054 1177 meruit
2110 1112 2390 1178 feliciter
2455 1134 2592 1179 suae
2660 1112 2899 1178 ditioni

798 1212 1132 1298 subjicere.
1225 1212 1382 1299 Ipsa
1423 1218 1648 1279 autem
1692 1212 1858 1279 hora
1885 1236 2019 1300 qua
2061 1215 2187 1279 iste
2231 1237 2351 1280 rex
2392 1215 2581 1302 gravi
2624 1214 2797 1280 bello
2825 1214 2899 1279 in

798 1314 1131 1381 Pictorum
1205 1313 1546 1400 provincia
1610 1316 2046 1401 premebatur,
2115 1338 2341 1382 servus
2410 1316 2901 1403 omnipotentis

797 1415 924 1481 Dei
968 1415 1316 1482 wilfridus
1375 1416 1449 1481 in
1510 1415 1713 1482 Suth-
1717 1415 2010 1484 Saxonia
2068 1418 2265 1485 sacris
2325 1419 2677 1485 Missarum
2737 1419 2899 1485 cele-

795 1518 1209 1584 brationibus
1252 1518 1656 1585 intendebat
1750 1519 2053 1607 Cumque
2098 1520 2276 1587 dicto
2336 1519 2635 1589 Sursum
2679 1520 2898 1599 corda,

461 1629 669 1683 wilfrid
797 1622 1302 1707 responderetur
1342 1621 1688 1689 Habemus
1716 1622 1812 1688 ad
1839 1621 2233 1701 Domvnwm,
2279 1628 2510 1710 raptus
2553 1625 2627 1689 in
2656 1624 2899 1689 mentis

462 1711 575 1814 ζῇ
592 1698 672 1814 ¹3}
685 1766 772 1819 the
797 1744 1134 1790 excessum
1206 1725 1387 1789 vidit
1460 1725 1686 1795 eodem
1768 1728 2099 1790 momento
2175 1746 2294 1810 per
2368 1724 2691 1811 Spiritum
2750 1724 2896 1803 Dei,

461 1830 768 1963 ἓῗῗὲἕιὲῗε
793 1825 1605 2014 ξέιῗὲῗέΐβὲἰζίἑᾛ
1569 1848 1662 1993 “ἱ““
1670 1826 2899 2015 Ρῒεῖᾚὲῗὲᾘῖηρῖῗωω

796 2028 975 2095 Nam
1019 2050 1170 2097 cum
1203 2028 1566 2115 Sequentia
1609 2028 1830 2094 Missae
1881 2033 2398 2115 prosequeretur,
2429 2035 2499 2095 et
2540 2029 2615 2095 in
2658 2028 2902 2096 Praefa-

793 2132 1147 2211 tione,Pe1r
1171 2130 1513 2199 evaristum
1532 2130 1915 2198 Dmnvnwn
1929 2138 2242 2199 ‘nostmmn
2264 2131 2589 2199 diceretur
2608 2133 2744 2197 ab
2723 2154 2903 2220 1ps03

792 2235 1110 2352 aspexit,
1117 2240 1186 2301 et
1252 2241 1433 2302 ecce!
1516 2234 1646 2299 duo
1704 2232 1980 2320 maligni
2049 2233 2320 2321 spiritus
2379 2234 2668 2300 animam
2731 2235 2903 2320 regis

791 2342 949 2403 ante
995 2336 1205 2425 ipsius
1272 2336 1492 2404 oculos
1537 2335 2000 2402 miserabiliter
2043 2336 2434 2414 attulerunt,
2488 2336 2708 2427 sicque
2752 2336 2901 2403 hor—

792 2438 996 2504 rendo
1069 2437 1325 2525 gemitu
1383 2438 1822 2524 suspirantem
1884 2459 2102 2504 secum
2166 2437 2252 2503 ad
2311 2437 2553 2503 inferni
2616 2439 2902 2505 claustra

792 2539 1109 2605 tulerunt.
1232 2540 1395 2606 Ilico
1440 2541 1685 2606 Accam
1744 2538 2204 2625 presbyterum
2264 2562 2458 2604 suum
2503 2542 2785 2620 vocavit,
2834 2545 2901 2606 et

794 2642 856 2707 ei
921 2648 1163 2709 cuncta
1206 2663 1355 2726 quae
1399 2641 1661 2707 viderat
1726 2641 2077 2707 enarravit.
2191 2641 2304 2706 Ad
2346 2663 2496 2726 quae
2554 2642 2899 2728 presbyter

792 2743 1172 2809 vehementi
1216 2749 1482 2830 stupore
1526 2743 1870 2821 attonitus,
1923 2743 2046 2808 vix
2090 2741 2271 2808 illius
2313 2743 2534 2809 verbis
2591 2744 2898 2809 auditum

792 2845 1125 2933 patienter
1167 2846 1426 2912 credere
1470 2844 1705 2932 potuit.
1797 2843 1845 2909 J
1845 2865 2036 2910 ussus
2081 2848 2321 2924 tamen,
2354 2845 2529 2912 diem
2560 2851 2630 2913 et
2671 2846 2900 2913 horam

794 2947 992 3033 regiae
1059 2945 1538 3013 interfectionis
1594 2946 1874 3024 notavit,
1925 2951 1994 3012 et
2036 2967 2182 3012 eam
2243 2948 2457 3034 ipsam
2500 2947 2703 3015 fuisse
2747 2954 2915 3035 post·
2996 2961 3001 2970 ‘

795 3049 1052 3136 aliquot
1095 3049 1235 3115 dies
1278 3050 1375 3116 rei
1418 3053 1621 3136 gestae
1665 3047 2011 3114 attestatio
2055 3049 2524 3136 comprobavit.

1441 3298 1889 3385 [Camumu
1935 3296 2273 3386 xL1v.]1‚

459 3474 726 3529 Theodoro
882 3456 1091 3525 Fama
1132 3455 1339 3545 igitur
1363 3458 1887 3545 circumquaque
1929 3456 2102 3545 regis
2146 3457 2402 3524 obitum
2447 3454 2898 3537 denuntiante,

454 3544 769 3661 ξοηοξῗοὲθ
793 3561 1003 3627 veloci
1060 3561 1276 3626 relatu
1341 3559 1427 3625 ad
1492 3581 1681 3625 aures
1749 3559 2074 3626 Theodori
2138 3555 2660 3650 metropolitanae
2727 3562 2900 3627 sedis

456 3676 582 3726 with
605 3676 737 3727 Wil-
794 3663 1116 3730 antistitis
1181 3662 1527 3748 pervenit·
1511 3712 1528 3743 ,
1594 3661 1711 3748 qui
1773 3662 2091 3730 delictum
2158 3664 2335 3749 quod
2391 3664 2535 3750 jam
2604 3664 2763 3730 olim
2828 3664 2902 3729 in

458 3741 574 3793 frid.
794 3766 1117 3831 famulum
1176 3764 1307 3830 Dei
1365 3764 1791 3842 commiserat,
1854 3757 2321 3831 consentiendo
2380 3765 2692 3832 videlicet
2750 3789 2902 3833 eum

792 3868 1002 3933 tantis
1045 3865 1667 3953 perturbationibus,
1698 3871 1780 3932 ut
1807 3867 2068 3953 praefati
2112 3888 2355 3944 sumus,
2384 3867 2633 3954 injuste
2661 3867 2901 3955 affligi·
2885 3919 2903 3950 ,

793 3968 933 4047 hoc,
1009 3969 1297 4057 inquam,
1374 3967 1689 4035 delictum
1744 3966 1988 4033 humili
2062 3969 2509 4036 satisfactione
2583 3972 2902 4058 corrigere

792 4071 1040 4151 volens,
1082 4072 1268 4138 misit
1311 4076 1579 4159 propter
1622 4092 1789 4148 eum,
1836 4075 1908 4137 et
1965 4070 2051 4136 ad
2096 4092 2167 4137 se
2225 4071 2582 4140 honorifice
2626 4074 2901 4160 perduc-

793 4178 942 4240 tum
970 4173 1197 4240 taliter
1225 4178 1327 4239 est
1367 4173 1707 4239 allocutus.
1799 4180 1838 4207 “
1858 4171 2006 4250 Fili,
2038 4172 2242 4239 immo
2270 4174 2604 4240 virtutum
2646 4176 2901 4242 meritis

795 4283 831 4312 “
873 4274 1280 4343 sanctissime
1338 4280 1543 4361 pater,
1590 4296 1711 4360 ego
1756 4274 1877 4360 qui
1928 4274 2014 4340 ad
2066 4273 2191 4342 hoc
2246 4296 2405 4362 prm,
2443 4276 2699 4344 caeteris
2746 4299 2902 4345 con-

789 4384 828 4413 “
869 4378 1147 4445 stitutus
1192 4397 1388 4454 eram,
1432 4381 1514 4441 ut
1557 4375 1738 4442 omni
1789 4373 2158 4462 injustitiae,
2206 4398 2356 4463 quae
2410 4376 2484 4441 in
2526 4376 2653 4447 hoc
2696 4401 2900 4466 regno

790 4487 828 4514 “
870 4500 1197 4566 emergere
1226 4481 1462 4566 posset,
1493 4478 1845 4556 obviarem,
1875 4477 2142 4564 propria
2182 4477 2544 4572 fissagilitate
2575 4481 2901 4560 subactus,

792 4588 829 4617 “
869 4581 1171 4668 plurimis
1214 4581 1344 4646 tibi
1373 4584 1603 4647 contra
1637 4580 1751 4666 jus
1794 4579 2316 4662 adversantibus
2348 4581 2573 4663 fateor,
2605 4582 2893 4648 multum

1022 4811 1042 4848 ¹
1075 4813 1187 4866 The
1206 4812 1371 4868 whole
1392 4812 1569 4866 ofthis
1592 4812 1808 4879 chapter
1829 4829 1889 4866 or
1909 4815 2200 4882 parag-raph
2221 4814 2267 4868 is
2287 4814 2499 4866 omitted
2516 4813 2571 4865 in
2594 4816 2666 4866 A.
