3600 5800
1196 923 1289 972 ΒΤ.
1337 924 1523 972 JOHN
1571 924 1659 972 OF
1705 920 2091 972 BEVERLEY.
2568 907 2698 975 517

590 1114 628 1140 “
669 1112 741 1167 de
776 1128 977 1167 somno
1012 1112 1181 1183 gravi
1217 1113 1530 1168 excitatum
1577 1111 1969 1183 interrogavit
2003 1112 2053 1169 si
2101 1128 2331 1167 nossem
2372 1110 2505 1183 quis
2542 1114 2695 1165 esset

589 1192 629 1218 “
667 1191 768 1261 qui
804 1190 1141 1261 loqueretur
1177 1189 1253 1247 ad
1285 1208 1397 1246 me.
1473 1181 1563 1245 Et
1596 1208 1705 1262 ego
1728 1190 1996 1263 aperiens
2030 1192 2248 1258 oculos,
2288 1191 2413 1247 aio:
2459 1193 2473 1215 ‘
2497 1190 2691 1245 Etiam

590 1270 628 1296 “
667 1273 735 1324 tu
772 1286 835 1324 es
870 1268 1111 1325 antistes
1144 1286 1310 1324 meus
1351 1268 1621 1325 amatus!
1695 1270 1944 1334 ‘Potes‚’
1979 1269 2190 1341 inquit.
2232 1272 2247 1297 ‘
2268 1267 2542 1325 vivereP’
2614 1269 2693 1323 Et
2717 1277 2831 1328 The
2853 1293 2973 1330 cure

590 1353 627 1379 ‘⁴
668 1367 816 1422 eg03
865 1354 881 1378 ‘
903 1351 1193 1416 Possum,’
1243 1353 1502 1422 inquam,
1559 1355 1574 1379 ⁴
1595 1368 1703 1425 per
1737 1354 2031 1409 orationes
2068 1360 2315 1419 vestras,
2354 1353 2403 1408 si
2441 1353 2693 1410 voluerit
2715 1344 2958 1394 0fH01'0·

588 1436 628 1462 “
670 1435 685 1460 ‘
713 1433 1040 1489 Dominus.’
1114 1434 1224 1504 Qui
1275 1435 1576 1506 imponens
1622 1436 1802 1507 capiti
1850 1453 1981 1491 meo
2029 1452 2287 1500 manum,
2328 1453 2460 1491 cum
2495 1435 2691 1491 vorbis
2712 1410 2912 1475 bal(d).

589 1519 626 1545 “
664 1517 1108 1582 benedictionis,
1149 1517 1328 1572 rediit
1377 1517 1452 1573 ad
1500 1517 1818 1585 orandum3
1869 1523 1929 1573 et
1974 1524 2105 1590 post
2142 1518 2423 1589 pusillum
2469 1537 2564 1574 me
2598 1536 2690 1573 re-

589 1602 625 1627 “
664 1600 858 1655 visens
908 1600 1136 1654 invenit
1190 1599 1504 1666 sedentem,
1549 1606 1609 1655 et
1642 1601 1767 1672 jam
1807 1600 1970 1671 loqui
2007 1600 2338 1667 valentcm3
2393 1601 2689 1673 coepitque

585 1683 624 1709 “
662 1700 758 1737 me
796 1683 1181 1754 interrogare,
1218 1682 1456 1748 Divin0,
1494 1689 1562 1738 ut
1596 1700 1732 1738 mox
1766 1683 1979 1755 patuit,
2019 1683 2349 1738 admonitus
2386 1684 2686 1749 instinctu,

586 1767 625 1794 “
662 1784 737 1821 an
773 1784 867 1820 me
904 1784 1030 1822 esse
1080 1766 1438 1837 baptizatum
1481 1767 1696 1839 absque
1732 1767 2004 1840 scrupulo
2055 1783 2301 1822 nossem.
2413 1767 2522 1823 Cui
2557 1785 2685 1839 ege,

584 1853 623 1878 ‘⁸
665 1852 877 1922 absque
923 1851 1047 1906 nlla
1093 1868 1187 1905 me
1233 1850 1344 1905 hoc
1396 1851 1690 1906 dubietate
1737 1850 1886 1906 scire
1934 1849 2231 1921 respondi,
2272 1851 2411 1922 quia
2446 1850 2691 1907 salutari

584 1936 621 1961 “
661 1935 823 1990 fonte
871 1934 933 1989 in
967 1933 1371 1988 remissionem
1418 1940 1788 2005 peccatorum
1826 1950 2009 1989 essem
2059 1932 2330 2002 ablutus;
2384 1940 2444 1990 et
2476 1951 2690 1990 nomen

585 2019 622 2043 “
661 2018 986 2089 presbyteri
1036 2036 1071 2072 a
1108 2035 1222 2087 quo
1269 2035 1365 2072 me
1412 2018 1776 2090 baptizatum
1828 2034 2119 2082 noveram,
2168 2016 2307 2072 dixi.
2404 2018 2488 2073 At
2541 2018 2682 2073 ille:

582 2103 621 2128 “
664 2104 677 2128 ‘
709 2100 775 2155 Si
811 2102 883 2157 ab
924 2102 1075 2165 hoc,'
1113 2101 1327 2172 inquit,
1373 2103 1387 2127 ‘
1417 2101 1712 2157 sacerdote
1747 2101 2077 2171 baptizatus
2103 2118 2324 2164 es„non
2352 2118 2412 2155 es
2436 2102 2689 2171 perfecte

586 2184 600 2209 ‘
621 2186 635 2210 ‘
662 2186 676 2210 ⁸
699 2184 1057 2255 baptizatus:
1099 2184 1234 2238 novi
1270 2200 1522 2255 namque
1557 2201 1713 2247 eum,
1754 2190 1815 2238 et
1851 2183 1991 2254 quia
2024 2200 2159 2239 cum
2194 2188 2347 2240 esset
2382 2184 2692 2254 presbyter

583 2268 620 2293 “
665 2268 678 2292 ‘
701 2265 1017 2330 ordinatae,
1044 2267 1380 2322 nullatenus
1406 2271 1645 2338 propter
1663 2266 1886 2335 ingenii
1909 2265 2245 2321 tarditatem
2280 2267 2472 2338 potuit
2495 2266 2688 2320 cathe-

583 2350 620 2376 “
660 2352 674 2376 ‘
700 2348 928 2404 cizandi
964 2349 1059 2403 vel
1093 2350 1424 2421 baptizandi
1461 2349 1859 2404 ministerium
1893 2349 2134 2414 discere,
2173 2354 2412 2421 propter
2443 2349 2599 2420 quod
2629 2355 2689 2405 et

582 2434 617 2459 “
663 2432 821 2505 ‘ipse
858 2433 1028 2487 illum
1064 2433 1137 2488 ab
1173 2432 1347 2504 hujus
1385 2432 1838 2505 praesumptione
1864 2432 2179 2489 ministerii
2216 2433 2372 2504 quod
2406 2433 2691 2504 regulari-

580 2517 618 2543 “
663 2518 677 2541 ‘
700 2522 791 2571 ter
822 2516 1064 2587 implere
1099 2516 1394 2588 nequibat,
1431 2516 1778 2571 omnimodis
1816 2533 2039 2572 cessare
2081 2516 2370 2588 praecepi?
2467 2515 2689 2585 Quibus

579 2602 618 2627 ‘⁶
658 2599 851 2667 dictis,
897 2600 1098 2655 eadem
1144 2600 1289 2655 hora
1322 2617 1419 2655 me
1465 2601 1823 2656 cathecizam
1871 2601 1997 2671 ipse
2047 2600 2305 2655 curavit:
2357 2600 2690 2671 factumque

580 2685 617 2711 ‘⁸
656 2689 746 2739 est
780 2691 849 2740 ut
876 2683 1214 2739 exsufflante
1249 2683 1351 2738 illo
1385 2684 1449 2738 in
1487 2682 1696 2738 faciem
1744 2701 1956 2748 meam,
1995 2682 2296 2739 confestim
2349 2700 2443 2738 me
2480 2683 2689 2739 melius

581 2771 619 2795 ‘⁸
658 2769 874 2823 habere
923 2768 1215 2824 sentirem.
1328 2767 1580 2824 Vooavit
1626 2774 1823 2824 autem
1870 2766 2183 2831 medicum,
2237 2773 2298 2822 et
2345 2766 2689 2823 dissolutam

584 2854 620 2879 ‘⁶
663 2852 810 2908 mihi
859 2852 1160 2909 emicranii
1202 2851 1536 2924 juncturam
1590 2869 1953 2925 componere,
1993 2858 2170 2923 atque
2213 2850 2456 2923 alligare
2494 2850 2685 2922 jussit.

579 2939 615 2963 “
654 2936 1019 3008 Tantumque
1075 2954 1207 2992 mox
1261 2942 1499 3009 accepta
1547 2936 1674 3008 ejus
1719 2935 2122 2991 benedictione
2175 2935 2460 2999 convalui,
2509 2939 2577 2988 ut
2625 2934 2687 2989 in

583 3022 620 3048 “
658 3022 979 3077 crastinum
1030 3020 1342 3076 ascendens
1392 3036 1625 3091 equum,
1666 3037 1801 3074 cum
1842 3020 1969 3091 ipso
2003 3020 2120 3074 iter
2153 3018 2217 3072 in
2263 3019 2446 3073 alium
2492 3017 2684 3073 locum

580 3115 616 3139 ‘⁶
656 3113 924 3169 facerem.
997 3103 1140 3168 Nec
1162 3111 1348 3165 multo
1371 3117 1504 3181 post
1527 3101 1816 3186 plenarie
1853 3116 2112 3175 curatus,
2138 3107 2305 3164 vitali
2330 3108 2503 3163 etiam
2529 3108 2687 3164 unda

578 3204 847 3273 perfusus
882 3203 1068 3258 sum.”

652 3293 873 3349 Mansit
919 3298 1117 3347 autem
1164 3292 1226 3347 in
1280 3294 1616 3366 episcopatu
1667 3286 1862 3351 annis
1911 3295 2159 3365 triginta
2203 3281 2460 3348 tribus¹
2501 3296 2561 3346 et
2599 3291 2686 3346 sic

582 3372 838 3427 caelestia
890 3388 1078 3442 regna
1130 3371 1521 3428 conscendens
1574 3375 1839 3446 sepultus
1888 3379 1977 3430 est
2025 3374 2085 3427 in
2134 3371 2423 3444 port[ic]u
2484 3370 2688 3426 Sancti

582 3455 763 3520 Petri,
798 3455 860 3509 in
897 3455 1250 3510 monasterio
1285 3473 1407 3539 suo,
1433 3457 1590 3528 quod
1625 3457 1845 3514 dicitur
1892 3459 1955 3512 in
1993 3456 2139 3513 silva
2187 3457 2495 3521 Derorum,
2535 3472 2686 3509 anno

578 3533 653 3590 ab
671 3534 1067 3589 incarnatione
1097 3524 1369 3591 Domim
1406 3535 1928 3607 septingentesimo
1950 3536 2228 3592 vicesimo
2260 3535 2470 3607 primo.
2530 3535 2590 3590 N
2590 3551 2685 3588 am
2710 3539 2878 3590 Death
2904 3542 2966 3592 of

581 3632 718 3669 cum
758 3631 880 3685 prae
916 3612 1135 3683 majore
1172 3619 1470 3670 senectute
1519 3615 1714 3671 minus
1761 3615 2169 3687 episcopatu(i)
2206 3612 2685 3669 amministrando
2713 3607 2789 3658 St.
2811 3608 2970 3658 John·

580 3697 885 3763 sufficeret,
912 3697 1177 3753 ordinato
1199 3697 1262 3752 in
1284 3697 1679 3769 episcopatum
1719 3699 2095 3753 Eboracensis
2132 3697 2390 3753 ecclesiae
2413 3696 2685 3752 wilfrido

579 3781 918 3853 presbytero
941 3799 1065 3847 suo,
1093 3782 1329 3838 secessit
1354 3782 1429 3837 ad
1464 3784 1880 3838 monasterium
1916 3782 2243 3854 praefatum,
2268 3782 2467 3855 ibique
2502 3781 2684 3838 vitam

583 3864 645 3920 in
684 3866 809 3920 Deo
846 3864 1030 3936 digna
1064 3865 1497 3921 conversatione
1533 3866 1869 3939 complevit.

2436 4005 2675 4013 *-

936 4088 954 4121 ¹
988 4090 1137 4139 annis
1162 4090 1380 4154 triyinta
1402 4088 1586 4154 tribus]
1615 4104 1778 4141 annos
1801 4088 2009 4155 triginta
2031 4098 2147 4150 tres,
2169 4090 2325 4142 Beda.
