3600 5800
1356 900 1676 954 Avcrons
1718 900 2079 952 mommo,
2638 886 2770 951 443

665 1088 738 1156 in
784 1088 1098 1170 Geminis,
1162 1094 1231 1156 et
1293 1090 1387 1157 sic
1452 1089 1865 1177 procedendo
1929 1089 2121 1157 venit
2184 1090 2260 1155 in
2324 1088 2595 1169 Canem,
2641 1108 2773 1176 quo

664 1214 801 1258 non
828 1192 1032 1260 altius
1076 1191 1426 1260 ascendere
1458 1191 1722 1279 poterit.
1817 1191 1929 1261 Sic
1975 1213 2128 1281 ergo
2173 1198 2401 1260 noster
2427 1193 2773 1261 inornatus

668 1316 882 1362 sermo
912 1296 995 1363 de
1023 1318 1177 1384 rege
1207 1296 1514 1375 surrexit,
1545 1296 1664 1383 qui
1691 1318 1812 1384 pro
1840 1302 2032 1384 parte
2060 1298 2355 1384 ejusdem
2384 1298 2774 1384 pronuntiet

668 1398 882 1463 vitam
927 1404 998 1465 et
1065 1399 1348 1477 laudem,
1394 1397 1511 1465 sed
1575 1419 1858 1485 quorum
1920 1398 2019 1466 sol
2079 1404 2158 1466 ut
2200 1422 2352 1468 cum
2397 1401 2657 1467 venerit
2699 1402 2774 1467 in

672 1499 926 1568 Cancro
954 1522 1090 1569 non
1134 1500 1439 1588 superius
1479 1500 1700 1588 quibit
1743 1500 2116 1580 sublimare,
2163 1502 2262 1568 ita
2289 1522 2412 1570 nec
2439 1501 2776 1589 eloquium

668 1608 970 1671 nostrum
1016 1606 1098 1672 de
1142 1604 1274 1671 1110.

759 1708 1051 1777 Peractis
1095 1706 1401 1797 plurimis
1446 1706 1641 1774 annis
1686 1711 2040 1793 postquam
2086 1711 2500 1774 consecratus
2545 1713 2662 1786 est,
2707 1712 2779 1774 et

669 1816 1021 1898 postquam
1065 1810 1376 1898 regaliter
1405 1808 1894 1876 consummavit
1935 1815 2188 1888 cuncta,
2218 1814 2491 1894 repente
2520 1809 2779 1896 rapitur

672 1935 758 1979 03
800 1913 928 1982 1100
970 1913 1225 1992 8ωο1110,
1274 1932 1517 2000 paucos
1562 1931 1784 1979 80011111
1828 1910 2010 1977 viros
2070 1916 2140 1977 et
2199 1911 2445 1978 milites
2507 1913 2774 1982 habens.

673 2012 1030 2080 Possumus
1073 2020 1300 2081 tamen
1346 2012 1430 2078 de
1491 2011 1607 2078 illo
1671 2010 1886 2079 dicere
1946 2012 2123 2098 quod
2184 2011 2354 2078 liber
2417 2012 2778 2100 Sapientiae

670 2116 784 2194 ait,
822 2117 1084 2196 Justm,
1129 2116 1196 2183 813
1232 2122 1444 2183 ‘morte
1480 2120 1996 2203 proeoccupatus
2025 2114 2265 2202 fuerit,
2310 2113 2398 2182 ‘im
2424 2115 2779 2204 resmyemo
2804 2127 2875 2179 Sa
2843 2124 2956 2191 aiep
2927 2126 3066 2178 emit

670 2218 817 2286 e‘mlt.
909 2219 1066 2285 Rite
1109 2218 1336 2286 fideles
1365 2216 1673 2285 monachi
1703 2222 1772 2284 et
1817 2218 2183 2305 praesertim
2228 2223 2522 2305 pastores
2552 2199 2853 2307 populi⁷·

671 2344 791 2410 pro
835 2343 912 2388 eo
958 2326 1251 2401 exorant,
1284 2320 1597 2408 quoniam
1641 2341 1778 2386 non
1823 2319 2037 2386 solum
2083 2321 2389 2386 dominus
2434 2322 2550 2388 sed
2593 2328 2783 2409 pater

670 2447 896 2492 eorum
941 2430 1098 2492 erat.
1215 2424 1292 2503 Ο,
1338 2423 1698 2490 Benedicte
1741 2422 2145 2503 monarches,
2176 2422 2350 2504 huic,
2383 2424 2782 2492 famulorum

672 2533 940 2594 tuorum
1007 2526 1350 2605 defensori,
1419 2545 1722 2593 succurre
1786 2525 2080 2612 benigna
2140 2546 2347 2612 prece,
2402 2532 2473 2593 et
2537 2527 2645 2595 fac
2704 2533 2784 2594 ut

569 2715 578 2724 Ω
672 2631 763 2696 sit
807 2631 880 2695 in
925 2630 1202 2696 dextera
1244 2627 1672 2707 coronandus,
1719 2628 1837 2714 qui
1881 2632 2041 2693 tuus
2102 2627 2335 2700 extitit
2378 2631 2629 2698 amicus
2668 2652 2784 2697 ve-

673 2734 1039 2801 nerandus!
1111 2731 1301 2799 Obiit
1330 2737 1469 2798 tam
1501 2730 1794 2819 inclytus
1823 2752 1944 2796 rex
1974 2730 2112 2798 viii.
2144 2731 2296 2798 idus
2333 2729 2382 2797 J
2385 2733 2551 2814 ulu
2596 2733 2785 2819 cujus
2810 2730 2923 2782 The
2943 2733 3095 2785 death

672 2837 864 2906 obitu
906 2834 1216 2905 turbatus
1279 2840 1383 2903 est
1434 2839 1651 2904 status
1719 2834 1930 2902 totius
1992 2834 2197 2923 108111,
2243 2785 2556 2904 commoti
2621 2842 2782 2904 sunt
2808 2798 3015 2933 112ιὲωὲ
3005 2882 3072 2919 on

674 2940 978 3028 episcopi,
1022 2939 1179 3007 irati
1224 2944 1385 3004 sunt
1427 2938 1772 3025 principes,
1818 2938 2056 3004 timore
2100 2940 2396 3006 concussi
2440 2946 2601 3007 sunt
2644 2964 2781 3007 mo·
2804 2934 3007 2999 Julys,

671 3045 887 3124 nachi,
950 3043 1280 3131 pavefacti
1343 3042 1589 3129 populi,
1635 3040 1855 3108 clerici
1917 3040 2059 3105 laeti
2122 3042 2339 3109 effecti
2400 3048 2561 3109 sunt
2623 3065 2783 3130 quo·
2805 3003 2986 3129 off?

673 3149 858 3215 niam
904 3151 1168 3262 tempus
1197 3166 1422 3212 eorum
1452 3143 1745 3211 advenit.
1841 3142 2289 3228 Expelluntur
2314 3145 2589 3212 abbates
2633 3168 2784 3212 cum
2806 3147 3030 3197 troubles

674 3248 1014 3316 monachis
1059 3247 1212 3324 suis,
1257 3245 1775 3311 introducuntur
1819 3243 2040 3310 clerici
2083 3264 2234 3310 011111
2277 3246 2597 3312 uxoribus
2627 3248 2783 3326 suis,
2806 3211 2920 3262 ὼε
2938 3228 3107 3265 e.nsue

677 3357 747 3416 et
790 3355 936 3416 erat
977 3370 1169 3416 mor
1203 3347 1398 3435 pejor
1419 3345 1670 3433 pmlore.
1765 3344 2100 3432 Expulsus
2129 3351 2233 3412 est
2261 3351 2331 3412 et
2374 3348 2578 3414 abbas
2625 3349 2785 3415 Ger·
2811 3350 2865 3403 S·
2887 3354 3038 3406 Matt.

676 3472 914 3518 manus
958 3470 1109 3516 cum
1153 3448 1322 3527 aliis,
1367 3452 1438 3514 et
1479 3452 1654 3534 apte,
1686 3450 1766 3511 ut
1811 3445 1929 3531 qui
1980 3451 2126 3513 erat
2169 3447 2497 3535 particeps
2541 3419 2972 3551 111111111-ῗὲζζιξ]ο
2996 3426 3077 3473 ⁶⁴

678 3553 857 3632 tatis,
924 3551 1114 3618 fieret
1174 3549 1505 3637 particeps
1563 3547 2180 3634 transmigrationis,
2292 3549 2361 3614 N
2362 3571 2601 3638 amque
2663 3552 2786 3620 sci·
2813 3508 3098 3619 Get-mimus

679 3678 829 3722 mus
874 3654 1038 3742 quia
1098 3674 1273 3740 saepe
1336 3652 1513 3739 perit
1571 3650 1798 3737 justus
1862 3671 2013 3717 011111
2076 3650 2299 3739 impio,
2344 3674 2479 3720 non
2546 3655 2788 3743 spiritu
2809 3635 3021 3751 ξζζίωὼθ

682 3757 800 3825 8011
841 3777 885 3823 8
927 3775 1208 3842 corpore.
1300 3753 1469 3820 Haec
1511 3772 1648 3819 non
1693 3756 1854 3817 sunt
1897 3752 2158 3819 exotica
2200 3775 2351 3840 quse
2394 3755 2541 3824 dico
2584 3758 2789 3826 verba
2810 3768 2997 3819 monks

681 3859 798 3926 8011
842 3857 1004 3925 satis
1048 3855 1332 3945 cognita,
1365 3854 1526 3941 quia
1568 3853 1754 3941 prius
1798 3875 1844 3920 a
1885 3855 2295 3922 nostratibus
2339 3863 2498 3924 sunt
2538 3866 2788 3928 sanctae
2811 3833 2990 3888 dnven
3003 3843 3110 3888 ⁰¹²²·

679 3962 811 4029 Dei
845 3959 1132 4030 ecclesiae
1161 3963 1463 4037 vastatae,
1497 3956 1789 4043 expulsis
1836 3955 2085 4024 scilicet
2114 3957 2387 4024 Domini
2418 3961 2639 4040 servis,
2672 3962 2790 4048 qui

684 4063 873 4152 (non)
906 4062 1138 4129 diebus
1165 4081 1304 4128 non
1332 4059 1642 4128 noctibus
1673 4058 2021 4126 cessabant
2064 4080 2107 4126 a
2148 4059 2419 4126 Divinis
2462 4063 2788 4144 laudibus,

676 4167 836 4235 licet
876 4166 1087 4253 aliqui
1129 4187 1265 4231 non
1309 4164 1438 4231 rite
1497 4162 1814 4243 fecerunt,
1862 4161 1979 4228 sed
2038 4168 2263 4229 tamen
2308 4163 2579 4251 plurimi
2623 4167 2790 4234 bene

681 4274 973 4357 egenmt.
1063 4267 1402 4387 Scriptum
1444 4287 1682 4353 nempe
1725 4271 1845 4346 est,
1890 4286 2037 4332 non
2079 4265 2303 4334 sobwm
2345 4268 2473 4355 qwi
2486 4268 2789 4388 saciamt,
2813 4275 2962 4328 Rom.
2984 4274 3019 4329 ἰ.
3041 4280 3126 4330 32.

681 4372 797 4441 secl
837 4371 1049 4440 etiam
1105 4371 1235 4461 qui
1278 4368 1709 4439 consentiwnt
1751 4369 1849 4435 rei
1894 4372 2068 4436 sunt.
2178 4369 2292 4438 Sic
2358 4375 2429 4438 et
2489 4373 2791 4461 princeps

682 4476 1076 4544 Merciorum
1119 4474 1355 4563 gentis,
1399 4472 1667 4540 nomine
1711 4470 2017 4538 AElfhere
2062 4472 2294 4552 dictus,
2336 4495 2601 4542 sumens
2644 4498 2791 4542 mu·
2814 4485 3051 4540 AElfhere
3073 4486 3133 4540 of

684 4599 845 4645 nera
890 4578 1244 4664 enorm[i]a
1286 4598 1436 4664 quae
1481 4575 1821 4642 obcaecant
1858 4578 2114 4641 mentes
2158 4574 2608 4662 plurimorum,
2639 4600 2789 4647 cum
2814 4553 3014 4685 ἓξὲξ
2996 4622 3083 4675 the

682 4680 956 4750 consilio
1030 4678 1261 4767 populi
1334 4684 1405 4745 et
1471 4675 1945 4745 vociferatione
2013 4676 2217 4764 vulgi,
2293 4676 2643 4766 ejecerunt,
2711 4688 2793 4751 ut
2815 4690 3012 4742 monks.

684 4785 997 4864 diximus,
1040 4804 1181 4852 non
1223 4783 1434 4851 solum
1477 4802 1635 4850 oves
1680 4780 1796 4847 sed
1841 4778 2043 4849 etiam
2087 4785 2396 4868 pastores,
2443 4783 2560 4870 qui
2607 4785 2791 4872 prius
