3600 5800
1100 1532 1778 1625 MIRACULA
1841 1531 2150 1622 ALIA

873 1782 1255 1872 SANCTI
1312 1780 1848 1871 JOHANNIS
1905 1777 2417 1869 EPISCOPI.

1333 2039 2067 2049 .-..———-—--————-——————-—·-——--

1477 2218 1715 2285 CAPUT
1762 2219 1812 2285 Ι.

604 2380 687 2445 M
682 2387 922 2446 ortum
948 2379 1322 2455 suscitatus,
1354 2384 1729 2444 contractus
1772 2384 2066 2479 curatus,
2100 2379 2252 2443 coec‘e‘,
2289 2377 2696 2445 illuminati.

698 2538 868 2603 Cum
913 2536 998 2600 ad
1043 2536 1196 2600 fidei
1244 2535 1847 2611 corroborationem,
1896 2540 1964 2599 et
2005 2533 2400 2599 Christianae
2445 2534 2701 2621 religio-
2729 2531 2840 2581 The
2854 2544 3027 2580 neees-

607 2640 711 2702 nis
774 2640 1264 2713 incrementum,
1314 2637 1539 2702 crebra
1601 2637 1775 2700 inter
1820 2635 2043 2700 fideles
2104 2636 2189 2700 ab
2236 2634 2706 2720 Omnipotente
2730 2595 3043 2727 ἓᾝιξὲἔὲἒξ

608 2744 749 2808 Deo
810 2744 976 2808 fiant
1036 2743 1366 2817 miracula,
1445 2742 1815 2806 timendum
1877 2748 1992 2818 est,
2061 2763 2145 2806 ne
2205 2742 2707 2828 ingratitudinis
2731 2727 3042 2779 ⁰fmi²²⁰¹²⁸·

605 2851 969 2933 arguantur
1013 2853 1082 2910 et
1124 2845 1545 2932 negligentiae
1594 2845 1707 2932 qui
1755 2866 1834 2909 ea
1893 2844 2432 2930 pertransierunt,
2497 2845 2704 2909 conti-

609 2948 811 3012 cendo
857 2949 980 3012 sub
1025 2968 1259 3012 arcano
1306 2946 1553 3034 silentii
1619 2968 1766 3031 quae
1812 2946 1898 3010 ad
1945 2944 2273 3011 Creatoris
2333 2946 2594 3011 laudem
2642 2951 2710 3010 et

609 3049 696 3112 ad
740 3048 1033 3112 fidelium
1096 3048 1457 3112 utilitatem
1524 3049 1593 3111 in
1655 3047 2002 3133 propatulo
2064 3052 2399 3111 merentur
2444 3055 2512 3112 et
2572 3047 2707 3112 exi-

612 3158 782 3238 gunt
840 3151 1197 3235 praedicari.
1322 3150 1695 3214 Confitetur
1739 3170 2021 3232 namque
2070 3148 2421 3213 Psalmista
2464 3169 2532 3213 se
2578 3170 2711 3216 non
2735 3157 2867 3208 Psal.
2891 3158 2962 3204 xl.

613 3251 1023 3315 abscondisse
1089 3250 1215 3313 Dei
1271 3249 1606 3334 justitiam
1678 3249 1748 3310 in
1818 3248 2008 3312 corde
2077 3269 2209 3324 suo,
2269 3269 2403 3312 non
2471 3249 2712 3313 celasse
2743 3227 2916 3282 '⁰⁴¹'

614 3351 1123 3414 misericordiam
1169 3357 1237 3413 et
1268 3351 1617 3412 veritatem
1652 3348 1854 3411 Suam
1899 3370 1941 3411 a
1971 3347 2244 3412 concilio
2290 3347 2526 3413 multo,
2609 3349 2713 3412 Ex
2781 3357 2790 3372 '

617 3473 748 3536 quo
792 3452 986 3536 plane
1031 3451 1365 3535 colligitur
1410 3451 1583 3534 quod
1652 3470 1785 3512 non
1832 3450 1921 3512 sit
1965 3449 2422 3514 abscondenda
2467 3449 2717 3514 Divina

616 3554 1071 3628 misericordia,
1126 3574 1261 3616 non
1306 3551 1640 3616 reticenda
1684 3550 1953 3614 Divinae
1998 3551 2437 3616 miserationis
2503 3573 2715 3637 opera,

488 3695 511 3710 κ
620 3677 848 3720 verum
908 3657 991 3720 ad
1070 3655 1329 3719 laudem
1398 3660 1466 3718 et
1532 3653 1845 3717 honorem
1907 3654 2192 3717 nominis
2261 3654 2414 3720 Suis
2484 3655 2746 3720 devote

619 3757 1031 3844 publicanda.
1157 3756 1325 3821 Cum
1374 3757 1580 3841 igitur
1625 3755 1952 3819 Dominus
1996 3756 2325 3840 frequenti
2373 3757 2719 3822 miraculo-

621 3881 768 3923 rum
815 3859 1181 3922 ostensione
1236 3865 1305 3921 et
1366 3856 1667 3942 Seipsum
1731 3854 2060 3933 clarificet,
2110 3863 2180 3920 et
2225 3864 2524 3922 sanctum
2573 3880 2722 3922 con-

621 3963 926 4026 fessorem
960 3960 1168 4025 Suum
1200 3959 1245 4024 J
1248 3960 1570 4024 ohannem
1618 3958 1963 4023 mirificare
1993 3979 2126 4023 non
2158 3965 2376 4035 cesset,
2424 3959 2723 4045 quaedam

624 4063 885 4127 illorum
948 4061 1233 4148 proferre
1279 4061 1444 4126 libet
1502 4061 1574 4124 in
1620 4061 1932 4137 medium,
1981 4068 2047 4124 et
2093 4061 2354 4146 paginae
2403 4081 2727 4127 commen-

624 4164 782 4229 data
825 4164 912 4228 ad
957 4164 1337 4228 memoriam
1388 4162 1847 4227 transfimdere
1892 4169 2315 4248 posterorum.
2426 4163 2533 4226 Ad
2583 4164 2729 4226 uni-

626 4286 964 4329 versorum
1033 4286 1317 4348 namque
1380 4263 1859 4329 enarrationem
1916 4285 2063 4349 quae
2126 4263 2473 4328 Divinitus
2547 4269 2736 4349 gesta

627 4374 786 4431 sunt
832 4368 1009 4432 intra
1070 4361 1356 4452 spatium
1405 4366 1842 4451 quinquenne,
1910 4366 2120 4430 fateor
2180 4367 2578 4451 imperitiam
2641 4366 2732 4430 lo-

629 4469 912 4533 cutionis
972 4490 1136 4533 meae
1197 4489 1614 4553 nequaquam
1675 4466 1984 4532 sufficere.
2107 4468 2518 4533 Animandos
2579 4453 2737 4534 sane

632 4591 820 4655 spero
866 4569 951 4635 ad
996 4568 1249 4634 cultum
1296 4567 1640 4645 Divinum,
1687 4573 1756 4633 et
1800 4569 1887 4633 ad
1938 4574 2241 4634 sanctum
2288 4567 2737 4634 Confessorem

635 4671 945 4738 obnixius
990 4671 1454 4748 venerandum,
1500 4671 1614 4756 qui
1661 4671 1745 4735 ad
1791 4670 2123 4736 audienda
2166 4667 2330 4756 quae'
2361 4692 2477 4757 per
2520 4671 2737 4756 ipsum

629 4778 817 4860 gesta
862 4779 1020 4838 sunt
1065 4771 1396 4849 miracula,
1444 4770 1747 4857 patulum
1794 4772 2239 4837 converterint
2299 4771 2619 4838 auditum.
2664 4778 2735 4840 et
