3600 5800
71 6 452 16 *w*-
529 4 1265 24 ῂγῄφ--νῄὴννὴ-
1283 1 1411 11 Ἰ--ν-Ἴ-
1470 1 1553 10 ,ὕ
1590 1 2606 17 ᾐψῂ-*ῂνῂ-Ἷ-ψῂ-
2629 3 2780 8 ——-v—.-
2825 3 2848 6 ἡ
2889 1 3290 9 κή-ὴὴντκή-ῂ
3361 3 3482 6 7.-Ῐή

906 1701 1184 1783 [VITA
1263 1705 1651 1781 SANc'rl
1723 1686 2323 1799 JOHANNIS,

1221 1865 1559 1930 AUCTORE
1588 1866 1995 1952 Ammo]

1176 2022 1317 2089 [MS.
1355 2023 1501 2073 Harl.
1536 2023 1855 2083 ccccxxxvi„
1891 2028 1955 2073 98
1971 2022 2047 2091 b.]

1597 2216 1796 2231 ‘xmus-nfx

639 2359 887 2426 Beatus
930 2357 977 2423 J
976 2356 1269 2424 ohannes
1314 2358 1531 2424 dictus
1577 2358 1659 2423 de
1706 2357 2079 2436 Beverlaco,
2126 2380 2203 2424 eo
2250 2358 2422 2426 forte
2475 2363 2654 2449 quod

551 2464 693 2549 ejus
736 2462 1034 2550 gloriosae
1080 2462 1375 2548 reliquiae
1423 2461 1514 2527 ibi
1562 2482 1712 2526 cum
1759 2461 1984 2528 debito
2029 2461 2273 2528 honore
2336 2485 2653 2531 veneran-

549 2571 677 2645 tur,
746 2569 1014 2631 natione
1081 2563 1213 2629 fuit
1275 2563 1610 2650 Anglicu8‚
1659 2563 1973 2651 religione
2035 2565 2409 2643 monachus,
2464 2550 2697 2634 bonae‘

550 2668 882 2735 memoriae
950 2666 1274 2732 Theodori
1352 2665 1852 2733 Cantuariensis
1920 2667 2396 2755 archiepiscopi
2460 2670 2653 2735 disci-

550 2774 765 2861 pulus,
796 2774 866 2838 et
911 2770 1300 2837 venerabilis
1332 2769 1532 2835 Bedae
1579 2770 1967 2857 presbyteri,
2000 2777 2070 2836 et
2112 2771 2393 2836 aliorum
2423 2795 2653 2859 quam-

551 2877 839 2964 plurium
886 2876 1113 2942 doctor
1173 2874 1487 2961 egregius.
1584 2873 1666 2939 In
1714 2872 1983 2940 Christo
2044 2874 2221 2940 enim
2267 2874 2475 2942 Jhesu
2539 2901 2655 2965 per
2681 2894 2729 2944 Α
2754 2893 2932 2943 sketeh

501 3039 516 3046 -
550 2979 987 3068 Evangelium
1049 2978 1293 3044 multos
1355 2979 1494 3064 ipse
1556 2978 1804 3062 genuit.
1901 2977 2007 3053 Et,
2077 2984 2157 3043 ut
2217 2980 2436 3044 verbis
2501 2989 2652 3047 utar
2677 2964 2736 3011 οἵ
2753 2962 2831 3012 ¹¹³⁸
2857 2963 2957 3011 ’ἰὼ-

548 3084 1021 3159 AmbrosianiS,
1068 3081 1382 3168 quicquid
1427 3082 1500 3144 in
1548 3081 1709 3166 ipsis
1771 3080 1903 3144 fuit
1948 3081 2227 3145 virtutis
2275 3088 2344 3144 et
2402 3086 2651 3166 gratim,

550 3187 631 3251 de
676 3185 800 3251 hoc
845 3185 1032 3269 quasi
1080 3184 1364 3268 quodam
1396 3183 1579 3246 fonte
1627 3182 2091 3267 limpidissimo
2135 3185 2431 3247 omnium
2472 3187 2653 3250 rivu-

549 3288 761 3352 lorum
809 3287 1064 3372 puritas
1110 3284 1465 3348 emanavit.
1562 3283 1830 3347 Etenim
1877 3285 2035 3369 quia
2080 3285 2403 3350 castitatis
2450 3288 2650 3372 polle-

549 3390 668 3453 bat
712 3389 954 3474 vigore,
1000 3385 1158 3471 quia
1201 3385 1624 3450 abstinentiae
1668 3385 2079 3470 gloriabatur
2120 3389 2462 3472 angustiiS,
2497 3392 2654 3475 quia

548 3488 1020 3555 blandimentis
1065 3493 1208 3552 erat
1253 3487 1576 3573 praeditus
1639 3487 1955 3565 lenitatis»,
2001 3489 2297 3553 omnium
2365 3491 2650 3578 discipu-

547 3594 761 3659 lorum
805 3592 878 3655 in
924 3611 1072 3655 eum
1120 3590 1507 3677 provocavit
1551 3589 1903 3670 affectum3
1947 3592 2105 3678 quia
2150 3593 2466 3658 doctrinm
2511 3617 2649 3660 am-

549 3694 1036 3761 ministratione
1112 3691 1427 3778 fulgebat,
1504 3693 1727 3780 plures
1802 3715 1887 3758 ex
1963 3694 2304 3781 discipulis
2381 3697 2653 3784 reliquit

548 3795 912 3884 magisterii
959 3794 1063 3859 sui
1109 3815 1523 3860 successores,
1618 3794 1916 3876 Quorum
1964 3816 2138 3861 unus
2182 3803 2343 3877 erat,
2390 3805 2469 3864 ut
2514 3801 2649 3867 dic-

547 3907 694 3966 tum
764 3905 881 3976 aet,
953 3895 1137 3963 Beda
1203 3896 1643 3977 venerabilis;
1718 3897 1832 3983 qui
1899 3898 1982 3963 de
2049 3920 2129 3964 eo
2204 3900 2273 3966 in
2350 3900 2650 3970 Historia

546 4002 765 4091 gentis
810 4000 1177 4086 Anglorum
1222 3999 1392 4065 libro
1436 4000 1672 4085 quinto
1717 3999 1949 4065 scribit
1993 4022 2143 4086 quae
2186 4011 2567 4088 sequuntur.

619 4113 932 4178 Defuncto,
993 4101 1231 4189 inquit,
1296 4111 1447 4166 Bata
1499 4111 1789 4183 episcopo,
1854 4110 1893 4165 J
1895 4109 2179 4177 ohannes,
2232 4115 2327 4168 vir
2386 4121 2645 4184 sanctus,
2676 4123 2836 4184 Beda,
2858 4137 2906 4173 v.
2928 4128 2978 4172 ⁴2.

546 4191 1042 4266 Hagustaldensis
1076 4189 1339 4247 eoclesiae
1386 4190 1768 4260 praesulatum
1824 4190 2096 4261 suscepit.
2178 4192 2265 4247 De
2313 4211 2430 4265 quo
2479 4197 2661 4268 plum.

551 4278 838 4334 virtutum
861 4275 1146 4331 miracula
1180 4272 1282 4344 qui
1307 4290 1444 4329 eum
1481 4272 1856 4328 familiariter
1877 4279 2184 4339 noverunt,
2208 4275 2402 4332 dicere
2436 4280 2645 4348 solent,

548 4368 611 4416 et
662 4360 915 4414 maxime
964 4357 1471 4414 reverentissimus
1532 4374 1600 4411 ac
1639 4355 2068 4410 .veracissimus
2127 4345 2479 4427 Bercthun,
2526 4360 2649 4416 dia-

549 4456 729 4496 conus
753 4435 1048 4510 quondam
1082 4435 1229 4508 ejus,
1254 4452 1409 4490 nunc
1434 4439 1629 4490 autem
1655 4433 1834 4489 abbas
1856 4436 2196 4489 monasterii
2231 4437 2386 4508 quod
2408 4448 2649 4496 vocatur

549 4531 611 4586 in
646 4521 1034 4599 Derawoda,
1069 4527 1133 4583 id
1186 4532 1279 4582 est
1331 4527 1397 4581 in
1436 4526 1601 4582 Silva
1634 4517 2024 4595 Deirorum;
2087 4545 2120 4581 e
2173 4528 2386 4600 quibus
2449 4532 2650 4604 aliqua

547 4621 845 4676 memoriae
880 4617 1113 4674 tradere
1156 4606 1570 4674 commodum
1606 4613 1891 4671 duximus.

617 4711 726 4766 Est.
758 4710 987 4766 mansio
1022 4709 1290 4774 quaedam
1327 4707 1617 4774 secretior,
1656 4725 1894 4763 nemore
1930 4726 2062 4764 raro
2110 4714 2170 4765 et
2202 4710 2358 4767 vallo
2408 4714 2650 4769 circum-

548 4794 704 4861 data,
743 4812 861 4849 non
896 4794 1072 4863 longe
1107 4792 1182 4848 ab
1217 4791 1685 4863 Hagustaldensi
1722 4793 1986 4857 ecclesia,
2028 4792 2089 4848 id
2125 4799 2214 4849 est
2259 4797 2435 4853 unius
2472 4800 2653 4855 ferme

547 4874 789 4932 miliarii
825 4880 888 4930 et
938 4871 1172 4928 dimidii
1222 4872 1430 4943 spatio,
1485 4870 1858 4938 interfluente
1905 4864 2093 4951 Tyno
2140 4891 2311 4929 amne
2365 4885 2650 4950 separata,

2180 4974 2382 5034 LL2
