3600 5800
1418 890 1748 939 WILFRIDI
1794 890 2116 940 EPISCOPI.
2689 883 2814 947 231

706 1083 935 1169 surgit,
967 1083 1284 1169 procellas
1331 1082 1596 1159 excitat,
1641 1103 1883 1146 navem
1927 1083 2239 1159 concutit,
2270 1088 2510 1150 nautas
2540 1087 2819 1153 territat.
2846 1093 2927 1145 He
2943 1097 3151 1149 reaches

2846 1160 3124 1225 Friesland‚

703 1185 999 1251 Tandem
1036 1185 1263 1251 valida
1305 1190 1699 1271 tempestate
1745 1185 2054 1271 quassati,
2086 1186 2377 1252 Fresiam
2422 1189 2598 1275 pulsi
2642 1197 2816 1269 sunt,
2840 1230 2942 1278 and
2963 1244 3082 1279 eon-

707 1291 776 1351 et
841 1285 1318 1373 applicuerunt.
1436 1286 1645 1372 Cujus
1712 1286 1836 1352 loci
1900 1286 2147 1364 incolae,
2211 1290 2507 1355 nondum
2572 1290 2816 1357 imbuti
2840 1302 2979 1344 verta
3001 1295 3088 1345 the

706 1388 836 1452 fide
883 1388 1150 1466 Christi,
1199 1389 1335 1454 solo
1380 1388 1818 1454 humanitatis
1861 1388 2101 1454 affectu
2149 1411 2258 1454 eos
2304 1392 2485 1456 obvii
2529 1393 2811 1482 benigne

710 1510 1062 1575 suscepere,
1111 1496 1181 1555 et
1243 1489 1610 1555 relevantes
1669 1489 2129 1555 lassitudinem
2190 1492 2481 1577 ipsorum
2534 1516 2811 1581 quaeque

339 1589 627 1672 Eadmer‚m
687 1593 1039 1657 necessitas
1084 1593 1392 1679 exigebat
1435 1594 1642 1679 gratis
1687 1592 1997 1658 obtulere.
2113 1592 2409 1671 Quorum
2454 1602 2806 1673 benignitati

329 1671 443 1720 αρ’
468 1675 644 1713 nvm'
690 1704 891 1759 volens
950 1696 1198 1762 Beatus
1244 1696 1592 1762 Wilfridus
1636 1702 1957 1775 rependere
2000 1696 2231 1773 vicem,
2278 1697 2668 1782 praedicavit
2712 1701 2805 1763 eis

684 1797 882 1863 fidem
930 1799 1198 1866 Christi
1267 1800 1411 1865 Nec
1455 1821 1653 1864 mora.
1725 1800 1942 1885 Major
1984 1798 2345 1863 multitudo
2376 1797 2640 1863 illorum
2670 1821 2803 1865 cre-

686 1900 848 1965 dens
893 1901 1232 1987 baptizata
1262 1906 1377 1976 est,
1433 1900 1852 1965 considerans
1899 1905 2195 1965 sanctam
2243 1900 2803 1966 conversationem

688 2000 847 2083 ejus,
914 2008 982 2065 et
1041 2000 1374 2065 admirans
1436 1998 1786 2066 efficaciam
1848 2002 2194 2076 virtutum,
2257 2005 2459 2083 atque
2518 1999 2803 2086 leporem

676 2099 1070 2185 eloquentiae
1132 2102 1289 2186 ejus
1421 2110 1566 2163 Erat
1613 2114 1809 2164 autem
1845 2112 2006 2165 terra
2054 2108 2181 2181 ipsa
2226 2106 2426 2163 nimiae
2475 2108 2803 2179 asperitatis

687 2207 756 2264 et
801 2201 1171 2286 salsuginis,
1219 2202 1468 2287 vixque
1520 2201 1799 2287 alicujus
1845 2202 2004 2266 boni
2048 2201 2300 2267 fructus
2346 2200 2545 2265 ferax.
2669 2200 2802 2266 Sed

680 2301 1065 2368 hominibus
1105 2326 1223 2390 per
1252 2305 1450 2370 fidem
1482 2304 1735 2371 Christi
1763 2306 2246 2391 proferentibus
2284 2305 2572 2371 fructum
2604 2327 2792 2370 suum

323 2421 515 2471 Joann.
540 2422 604 2473 iv.
674 2404 747 2467 in
777 2405 993 2471 vitam
1025 2412 1357 2483 aeternam,
1388 2412 1564 2472 terra
1592 2406 2025 2472 nihilominus
2054 2408 2127 2471 in
2172 2406 2577 2493 stipendium
2621 2406 2794 2491 ipso-

329 2493 415 2537 36·
671 2528 820 2571 rum
863 2507 1143 2593 protulit
1185 2510 1511 2574 uberrime
1557 2509 1847 2574 fructum
1893 2532 2101 2574 suum.

2835 1361 3032 1425 people.

762 2609 1071 2676 chridus
1132 2634 1288 2677 vero
1350 2618 1418 2676 et
1489 2611 1974 2697 Ermenburgis‚
2037 2612 2167 2676 rati
2229 2610 2611 2676 Wilfridum
2673 2635 2790 2698 per
2815 2611 3081 2677 Attempts

2815 2693 2951 2742 upon
2974 2680 3107 2729 Wil-

686 2710 1032 2777 Franciam
1107 2714 1289 2800 regia
1363 2714 1488 2791 via,
1568 2720 1647 2778 ut
1730 2719 2172 2800 proposuerat,
2257 2715 2387 2778 iter
2468 2719 2787 2793 acturum,
2812 2743 2955 2794 fi-id’s
2978 2746 3067 2796 life

669 2811 894 2879 literas
967 2819 1035 2879 et
1093 2817 1381 2903 pretium
1447 2817 1678 2880 mortis
1742 2816 1885 2902 ejus
1941 2816 2227 2881 Ebroino
2291 2816 2525 2902 majori
2587 2817 2785 2905 regiae
2810 2810 3028 2875 through

671 2915 902 2982 domus
966 2918 1313 3005 dirigunt3
1393 2941 1786 3007 magnopere
1848 2919 2257 3005 postulantes
2321 2924 2647 3004 quatenus
2701 2920 2780 2983 il-

665 3015 803 3083 lum
857 3021 1094 3106 capiat,
1155 3021 1512 3107 perturbet,
1576 3043 1654 3086 ac
1720 3022 2018 3107 perimat.
2144 3019 2400 3101 Quibus
2450 3020 2778 3086 Ebroinus

667 3123 1011 3187 confestim
1057 3123 1376 3201 addictus,
1425 3131 1494 3188 et
1555 3124 1988 3187 immoderato
2039 3123 2336 3208 pecuniae
2400 3143 2620 3187 amore
2665 3124 2775 3189 de-

654 3223 888 3300 victus,
957 3245 1042 3287 ne
1113 3224 1378 3290 directis
1430 3224 1816 3288 muneribus
1861 3228 2095 3298 careat,
2142 3223 2363 3285 virum
2427 3221 2555 3286 Dei
2624 3223 2773 3286 dili-

652 3332 884 3409 genter
927 3326 1045 3388 ubi
1099 3326 1189 3389 sit
1239 3325 1521 3409 inquirit
1581 3345 1711 3410 quo
1773 3345 1923 3387 eum
1989 3324 2254 3388 occidet.
2380 3322 2529 3400 Qua
2574 3323 2656 3386 de
2701 3345 2770 3388 re

655 3424 905 3490 factum
968 3432 1070 3490 est
1129 3433 1209 3491 ut
1268 3427 1599 3511 quendam
1659 3425 1865 3488 alium
1932 3425 2307 3510 episcopum
2384 3424 2465 3486 de
2525 3423 2771 3511 Anglia

654 3530 817 3592 tune
859 3527 1172 3612 temporis
1225 3549 1343 3612 pro
1403 3526 1532 3591 Dei
1580 3526 1846 3590 nomine
1908 3525 2303 3601 exulantem,
2360 3523 2763 3590 Winfiidum

305 3648 437 3699 Ibid.
461 3663 568 3713 cap.
657 3629 941 3706 nomine,
974 3627 1380 3705 trucidaret)
1411 3635 1715 3691 vicinitate
1738 3634 1993 3689 nominis
2020 3635 2369 3707 propriaque
2393 3635 2763 3706 malignitate

303 3715 450 3765 ¹¹³¹·
661 3733 956 3810 deceptusss
1067 3730 1314 3795 Verum
1377 3731 1537 3795 dum
1584 3726 2005 3813 comperisset
2056 3748 2123 3792 se
2192 3726 2263 3790 in
2324 3733 2534 3793 morte
2579 3730 2759 3797 illius

641 3830 882 3896 falsum
934 3831 1152 3910 fuisse,
1200 3836 1269 3896 et
1330 3831 1448 3895 ubi
1493 3828 1842 3893 Wilfridus
1905 3833 2075 3892 esset
2141 3834 2317 3893 certo
2380 3830 2748 3915 accepisset,

639 3933 855 3998 missis
917 3934 1128 3999 literis
1195 3956 1345 4000 cum
1406 3932 1663 4019 magnis
1708 3930 2092 3995 muneribus
2154 3952 2272 4017 per
2330 3933 2600 3997 nuntios
2663 3935 2750 3999 ad

639 4035 1016 4121 Aldgislum
1093 4036 1333 4101 Fresiae
1427 4034 1806 4121 principem,
1883 4032 2146 4119 rogavit
2212 4038 2292 4097 ut
2367 4032 2749 4101 Wilfridum

642 4137 1056 4204 interficeret.
1165 4138 1260 4202 At
1321 4138 1462 4224 ipse
1524 4136 1951 4221 investigans,
2015 4156 2220 4201 necne
2287 4135 2749 4223 investigando

639 4240 1027 4327 perdiscens,
1072 4263 1191 4327 pro
1234 4240 1422 4306 nulla
1481 4238 1675 4325 culpa
1718 4237 2027 4315 wilfi-idi,
2075 4237 2190 4303 sed
2241 4259 2360 4324 pro
2406 4237 2545 4304 sola
2586 4261 2743 4306 ava·

644 4343 803 4409 ritia
847 4343 1210 4409 Ebroinum
1270 4343 1395 4409 hoe
1437 4341 1691 4407 facinus
1752 4339 2135 4417 machinari,
2180 4340 2399 4406 noluit
2441 4347 2580 4406 tam
2633 4365 2746 4409 ne·

631 4445 851 4511 fandae
911 4446 1218 4533 petitioni
1279 4441 1614 4510 assensum
1674 4442 2028 4530 praebendo
2087 4443 2375 4528 turpiter
2417 4443 2738 4511 infamari.

634 4547 889 4636 Spretis
934 4548 1142 4635 igitur
1185 4547 1567 4613 muneribus
1611 4550 1702 4611 et·
1723 4544 1996 4622 nuntiiS,
2027 4565 2106 4610 ac
2147 4543 2357 4609 literis
2400 4544 2474 4608 in
2516 4545 2737 4632 ignem

824 4778 842 4812 ¹
875 4777 967 4829 An
991 4792 1145 4829 error.
1212 4774 1280 4825 111
1301 4789 1458 4839 usage
1480 4787 1583 4824 was
1604 4773 1693 4824 the
1715 4777 1910 4822 utmost
1929 4769 2042 4821 that
2062 4785 2165 4822 was
2185 4772 2316 4824 done
2338 4779 2391 4823 to
2412 4772 2533 4825 him.

2808 2876 3017 2928 Ebroin.
