3600 5800
382 1608 686 1675 Fridegode,

385 1681 500 1727 924.
616 1683 655 1706 ⁶*

388 2825 690 2892 Fridegode,

391 2896 574 2944 928-9.

1426 808 1745 861 snm-oss
1778 809 2138 861 musso,
2688 797 2814 862 201
2883 807 2896 818 ·

721 1007 755 1033 “
797 997 1253 1087 indignatione
1281 1019 1589 1065 sueoensa
1617 1020 1881 1064 servum
1911 998 2184 1065 Domini
2200 996 2226 1036 ·¹
2271 997 2654 1065 wilfridum
2683 1019 2819 1064 non

722 1109 757 1136 “
798 1101 1031 1167 timuit
1059 1101 1245 1166 miris
1274 1100 1740 1167 afflictionibus
1769 1102 2094 1167 insectari.
2188 1100 2604 1187 Quapropter
2645 1099 2819 1166 hanc
2841 1104 2942 1157 His

729 1209 763 1237 “
807 1202 1177 1302 vindictam
1221 1201 1348 1266 sibi
1393 1202 1750 1290 irrogatam
1795 1222 1886 1268 ne
1927 1201 2208 1286 dubites,
2239 1203 2519 1281 obsecm,
2549 1207 2819 1288 propter
2843 1173 3101 1294 ffssssffiff,

723 1312 757 1339 “
802 1309 869 1369 te
915 1325 1053 1370 esse
1111 1302 1432 1370 collatam.
1527 1303 1720 1385 Quod
1779 1306 1836 1369 si
1895 1303 2021 1370 hae
2079 1304 2312 1392 corrigi
2372 1309 2605 1391 sponte
2667 1325 2818 1369 oon·
2843 1304 2967 1356 him·

721 1413 757 1440 “
800 1406 1161 1494 tempseris,
1230 1427 1388 1472 eave
1449 1427 1534 1472 ne
1597 1411 1719 1471 tua
1790 1407 2057 1493 propria
2128 1407 2472 1493 corrigaris
2545 1406 2817 1471 invitus.

724 1515 756 1541 “
802 1506 976 1594 Ergo
1042 1506 1222 1594 solve
1289 1505 1509 1571 virum
1565 1528 1610 1572 a
1668 1526 1936 1585 earcere,
1984 1528 2179 1593 quem
2238 1507 2488 1572 nullius
2547 1507 2651 1571 sui
2694 1507 2816 1573 ori-

721 1615 756 1642 “
798 1608 997 1673 minis
1057 1628 1254 1674 eausa
1318 1607 1624 1674 novimus
1691 1607 2011 1687 detineri3
2069 1621 2131 1672 et
2178 1616 2228 1673 si
2275 1628 2427 1672 eum
2486 1606 2560 1670 in
2618 1628 2819 1693 regno

719 1717 755 1745 “
796 1714 915 1776 tuo
959 1730 1222 1775 manere
1265 1709 1567 1787 nolueris,
1605 1709 1767 1795 jube
1813 1709 2005 1774 iflum
2047 1733 2231 1787 reg-no
2277 1715 2558 1772 decedere
2571 1736 2591 1780 ς
2635 1729 2735 1785 ne,
2767 1709 2823 1774 si

723 1821 757 1848 “
801 1812 1054 1877 diutius
1097 1811 1300 1877 fuerit
1343 1816 1585 1888 tentus,
1632 1815 1794 1876 tuno
1839 1831 1989 1875 eum
2034 1810 2247 1895 primo
2276 1809 2609 1875 dimittere
2638 1809 2819 1889 velis,

725 1922 758 1948 “
804 1935 954 1979 eum
997 1914 1198 1978 fueris
1241 1912 1370 1999 maj
1378 1912 1475 1977 ori
1519 1932 1721 1997 poena
1763 1910 2138 1977 multatus.”

815 2014 973 2078 Istis
1039 2034 1158 2079 rex
1222 2013 1363 2099 ipse
1425 2012 1820 2090 admonitus,
1888 2013 2128 2078 annuit
2192 2018 2272 2077 ut
2334 2033 2651 2078 carcerem
2720 2014 2825 2078 vir
2851 2024 3059 2076 Wilfrid
3081 2025 3126 2077 is

726 2122 992 2181 sanetus
1035 2115 1263 2180 exiret.
1354 2112 1633 2180 Factum
1693 2119 1810 2191 est,
1857 2119 1925 2180 et
1969 2136 2005 2179 e
2051 2114 2337 2180 tenebris
2397 2114 2518 2178 lux
2577 2116 2824 2181 mundo
2848 2092 3091 2208 {ffffl

725 2217 1052 2304 prooessit.
1144 2214 1396 2282 Malens
1439 2220 1664 2282 autem
1708 2237 1937 2281 servus
1980 2216 2109 2281 Dei
2127 2291 2132 2294 ,
2152 2216 2398 2282 bonum
2457 2238 2575 2302 pro
2633 2217 2824 2294 malo,
2848 2239 3012 2287 queen
3034 2240 3110 2276 re-

726 2341 926 2405 quam
985 2340 1104 2407 P1‘0
1164 2317 1336 2384 malo
1395 2318 1646 2383 malum
1704 2319 1991 2396 reddere,
2053 2320 2272 2385 oravit
2331 2319 2708 2396 Dominum,
2755 2325 2825 2385 et
2850 2306 3040 2341 envers.

725 2422 1018 2510 reginam
1062 2420 1423 2488 ⁰⁰¹²f0⁸¹²³1¹¹⁴
1452 2420 1749 2486 daem0110
1793 2419 2024 2508 fugato
2069 2421 2342 2489 sanitati
2389 2421 2702 2489 restituit.

1319 2656 1764 2744 [Gummi
1809 2656 2229 2743 XXXVIII]
2261 2663 2268 2672 “

814 2818 993 2884 Hinc
1050 2825 1301 2899 patriam
1348 2831 1708 2899 cognataque
1754 2842 1898 2882 rura
1943 2825 2177 2892 deserit,
2223 2822 2294 2882 et
2335 2816 2525 2883 velut
2570 2817 2827 2884 advena
2849 2817 3056 2897 Wilfrjd

723 2939 908 2990 terras
955 2930 1234 2988 australes
1278 2910 1624 3008 petiturus,
1692 2942 1769 2987 eo
1837 2921 2148 2987 veniendi
2193 2921 2324 2987 iter
2364 2921 2643 2988 invadit.
2737 2921 2828 2987 Et
2849 2893 3146 3015 ῗζῖδᾞῖὴ,

724 3024 1034 3111 quoniam
1078 3024 1381 3090 veritatis
1425 3023 1752 3110 praeconia
1793 3022 1982 3091 nulla
2029 3028 2277 3110 queant
2298 3020 2326 3061 ²
2371 3023 2633 3090 fallacia
2683 3024 2824 3090 vio-

723 3127 860 3204 lari,
924 3125 1172 3192 famulo
1236 3125 1379 3202 Dei,
1440 3126 1653 3211 primo
1720 3125 2044 3209 quaerenti
2115 3145 2392 3210 regnum
2450 3124 2593 3201 Dei,
2655 3125 2827 3189 nihil

722 3248 948 3294 eorum
1023 3249 1171 3313 quae
1233 3226 1395 3292 vitae
1451 3225 1810 3292 necessitas
1872 3224 2195 3311 exigebat,
2256 3225 2477 3291 deesse
2545 3226 2824 3292 valebat.

723 3329 923 3394 Unde
982 3328 1278 3414 contigit,
1324 3332 1405 3392 ut
1461 3325 1640 3394 huno
1706 3332 1972 3391 euntem
2020 3326 2290 3413 quidam
2335 3326 2825 3412 Byrthwaldus,

725 3428 908 3514 regia
965 3428 1170 3513 stirpe
1214 3426 1614 3513 progenitus,
1660 3446 1901 3513 magno
1945 3448 2095 3493 eum
2139 3426 2384 3493 honore
2431 3427 2667 3493 obvius
2713 3450 2824 3494 ex-

728 3528 992 3615 ciperet,
1040 3534 1110 3594 et
1168 3527 1648 3614 aliquantisper
1708 3548 1929 3593 seeum
1991 3527 2263 3594 detento
2323 3548 2602 3615 quaeque
2662 3552 2827 3616 opus

729 3630 1019 3697 habebat
1061 3629 1345 3722 benigne
1387 3629 1815 3715 impenderet.
1929 3629 2026 3694 At
2098 3630 2356 3697 invidia
2430 3632 2674 3699 diaboli
2751 3654 2829 3700 ea

688 3762 693 3767 ·
728 3733 847 3798 diu
892 3731 1185 3820 impendi
1230 3731 1399 3797 ferre
1442 3752 1577 3797 non
1627 3731 1866 3818 potuit.
1957 3732 2356 3799 Praediotum
2419 3735 2665 3803 etenim
2726 3736 2825 3801 vi-

727 3859 876 3902 rum
938 3857 1191 3903 veneno
1235 3857 1373 3901 suae
1416 3833 1869 3921 perversitatis
1935 3835 2184 3912 infecit‚‘
2226 3857 2485 3922 quoque
2545 3837 2827 3903 militem

729 3939 983 4007 Christi
1026 3960 1149 4006 sua
1191 3937 1683 4025 magnificentia
1727 3943 2007 4003 exutum
2068 3960 2110 4004 a
2168 3959 2237 4003 se
2290 3939 2557 4024 suisque
2618 3940 2826 4004 omni-

727 4044 851 4109 bus
897 4042 1287 4119 eliminaret,
1332 4040 1564 4108 effecit.
1658 4039 1823 4106 Erat
1865 4062 2153 4127 namque
2212 4039 2418 4106 frater
2459 4039 2826 4107 AEthelredi

724 4140 896 4232 regis
941 4146 1348 4223 Mereiorum‚
1396 4143 1511 4231 qui
1571 4164 1856 4209 sororem
1915 4144 2087 4230 regis
2132 4142 2382 4210 Eefridj
2424 4142 2714 4210 habebat
2756 4145 2829 4209 in

728 4248 1124 4334 eonjugium.
1217 4246 1483 4312 Timens
1547 4245 1756 4334 igitur
1817 4267 1902 4312 ne
1969 4246 2193 4312 stati-is
2256 4246 2554 4312 animum
2622 4246 2826 4313 offen·
2853 4262 2944 4312 but
2965 4261 3010 4312 is
3033 4279 3123 4312 ex·

728 4350 929 4427 deret,
1004 4350 1062 4414 si
1137 4370 1307 4427 eum,
1383 4349 1496 4435 qui
1572 4349 1844 4415 fratrem
1919 4348 2216 4435 conjugis
2282 4370 2420 4414 suae
2495 4348 2825 4415 infensum
2849 4329 3163 4447 fflfflfm

725 4451 1030 4530 habebat,
1076 4472 1296 4517 secum
1341 4455 1634 4532 teneret3
1691 4471 1828 4517 non
1871 4449 2126 4516 veritus
2184 4450 2602 4538 injustitiam,
2657 4452 2821 4519 Wil—

793 4698 809 4732 ¹
849 4697 1082 4764 Domita]
1115 4695 1227 4757 Dei,
1245 4696 1311 4746 B.
1765 4693 1779 4763 Ι
1890 4693 1914 4727 ²
1943 4694 2154 4763 queant]
2194 4703 2402 4761 queunt,
2423 4695 2494 4749 A.
2517 4695 2579 4749 B.
