3600 5800
1048 864 1462 929 cAPcRAvs’s
1509 883 1668 932 urs
1713 884 1802 932 or
1848 884 2162 933 WILFRID.
2525 864 2656 928 499

560 1072 600 1100 ‘⁸
635 1067 1035 1143 Apostolicam
1060 1066 1259 1122 sedem
1284 1067 1357 1122 de
1382 1084 1487 1123 sua
1510 1085 1688 1125 causa
1710 1071 2035 1143 appellans,
2053 1076 2112 1127 et
2136 1070 2210 1125 ab
2232 1068 2344 1123 hac
2366 1066 2657 1139 potestate
2681 1063 2919 1127 Eadmer,
2952 1127 2964 1140 ·

558 1154 598 1181 “
636 1153 708 1208 de
760 1152 941 1208 certis
977 1149 1334 1221 incertisque
1369 1150 1543 1206 rebus
1593 1152 1911 1219 absolutus,
1953 1158 2015 1210 et
2064 1170 2201 1209 cum
2236 1151 2369 1207 aliis
2420 1153 2658 1206 centum
2680 1146 2790 1222 ⁰⁸13·
2815 1129 2986 1181 mh·

560 1239 598 1263 “
635 1235 854 1308 viginti
891 1233 1149 1306 quinque
1174 1232 1527 1304 coepiscopis
1561 1234 1623 1290 in
1649 1237 1856 1307 synodi
1874 1237 2192 1308 judiciaria
2215 1235 2354 1291 sede
2377 1233 2659 1290 constitu·
2683 1210 2889 1329 wssgd
2910 1225 2967 1260 ¹¹¹

558 1321 594 1347 “
634 1323 750 1384 tus,
774 1334 884 1390 pro
917 1316 1076 1372 omni
1100 1314 1431 1386 aquilonari
1456 1323 1623 1386 parte
1649 1319 1974 1376 Britanniae
1997 1325 2059 1375 et
2080 1318 2402 1385 Hiberniae,
2430 1334 2561 1389 quae
2586 1315 2658 1371 ab
2683 1292 2780 1344 ⁸5¹²
2854 1314 2867 1327 '

558 1404 597 1431 “
635 1401 964 1473 Anglorum
1001 1417 1069 1455 ac
1103 1397 1436 1463 Britonum,
1462 1418 1690 1458 necnon
1717 1403 2022 1459 Scotorum
2049 1407 2109 1457 et
2145 1402 2443 1457 Pictorum
2467 1400 2656 1471 genti-

537 1489 593 1569 ,“
633 1487 743 1542 bus
775 1485 1131 1550 incoluntur,
1165 1499 1365 1540 veram
1405 1488 1468 1539 et
1502 1486 1852 1543 catholicam
1890 1487 2065 1543 fidem
2109 1487 2403 1542 confessus
2451 1491 2558 1551 est,
2597 1490 2662 1540 et

558 1578 596 1607 “
635 1597 770 1637 cum
806 1577 1232 1648 subscriptione
1266 1590 1377 1630 sua
1419 1578 1901 1635 corroboravit.¹''

625 1669 962 1743 Apostolico
1019 1669 1205 1740 igitur
1252 1677 1314 1728 et
1347 1669 1613 1746 synodali
1664 1670 1898 1727 decreto
1942 1669 2005 1725 in
2055 1670 2456 1744 episcopatum
2492 1671 2661 1726 resti·
2683 1677 2849 1738 Idem,

553 1759 738 1820 tutus,
797 1752 1167 1825 acceptisque
1202 1754 1277 1811 ab
1337 1753 1677 1829 Apostolica
1728 1754 1867 1809 sede
1902 1752 2090 1809 literis
2126 1753 2256 1825 regi
2316 1752 2560 1825 ngrido
2598 1760 2659 1810 et
2680 1759 2794 1809 0⁸1²·
2810 1759 2994 1793 ¹¹¹111·

555 1837 988 1909 archiepiscopo
1023 1836 1329 1895 Theodoro
1366 1840 1440 1895 de
1474 1839 1563 1894 sui
1613 1842 1801 1893 status
1851 1837 2352 1908 redintegratione
2400 1836 2656 1904 directis,
2682 1821 2889 1875 wilfrid

554 1942 782 1986 versus
871 1928 1154 2000 Angliam
1229 1945 1556 2011 regressus
1633 1927 1750 1988 est.
1864 1921 2161 2007 Cumque
2222 1921 2310 1986 ad
2373 1920 2658 1987 Galliam
2681 1895 2902 2006 {ffssfft
2914 1887 2995 1937 ἰοὶ·

554 2010 861 2088 venisset,
897 2036 1031 2076 ecce
1067 2020 1364 2078 latronum
1398 2039 1608 2078 manus
1643 2020 1719 2074 ad
1755 2018 2231 2075 interficiendum
2272 2023 2496 2091 parata,
2532 2019 2661 2075 viro

555 2099 684 2164 Dei
742 2121 879 2165 non
941 2113 1114 2180 grata
1161 2110 1532 2180 processione
1587 2107 1859 2164 occurrit.
1933 2107 2120 2163 Erant
2170 2106 2326 2162 enim
2378 2106 2482 2178 qui
2530 2106 2663 2178 regi
2688 2118 2774 2169 ΗΘ
2795 2115 2913 2167 falls

556 2197 889 2268 Dagaberto
925 2198 1167 2255 insidias
1217 2199 1612 2264 tetenderant,
1670 2214 1923 2269 eumque
1973 2209 2187 2273 nuper
2222 2196 2424 2268 gladio
2476 2196 2540 2250 in
2573 2196 2665 2252 in-
2687 2198 2876 2247 8111008

556 2284 736 2355 guine
770 2302 967 2341 merso
1018 2293 1390 2343 necaverunt.
1467 2285 1854 2342 occurrentes
1912 2283 2090 2355 ergo²
2136 2283 2267 2339 viro
2303 2283 2433 2348 Dei,
2488 2274 2666 2339 intel*
2687 2251 2902 2375 mg,
2920 2263 2977 2298 m
3040 2328 3045 2333 «

555 2368 795 2430 caetera
857 2364 1189 2444 dixerunt,
1258 2378 1272 2403 ‘
1292 2375 1574 2441 Delator,’
1626 2374 1928 2446 inquiunt,
1982 2372 2212 2444 patriae,
2274 2372 2546 2443 petulans
2605 2378 2666 2429 et

556 2452 900 2508 moribunde
935 2453 1148 2520 viator,
1189 2460 1256 2510 tu
1303 2455 1543 2526 quidem
1584 2453 1944 2525 jampridem
1995 2452 2226 2508 Gallica
2273 2456 2504 2524 sceptra
2542 2451 2665 2507 vio-

555 2535 714 2604 lasti,
754 2534 1046 2593 Gallicam
1081 2538 1417 2594 libertatem
1453 2538 1518 2593 in
1554 2538 1901 2593 servitutem
1943 2535 2247 2608 redegisti,
2286 2553 2422 2591 cum
2466 2540 2664 2606 tyran-

555 2645 699 2683 num
716 2628 878 2698 juste
914 2647 950 2685 a
984 2630 1154 2686 nobis
1171 2630 1301 2702 jam
1336 2630 1479 2686 olim
1515 2621 1865 2687 exulatum
1886 2633 1991 2686 tua
2014 2628 2299 2685 instantia
2320 2628 2384 2684 in
2418 2646 2665 2700 regnum

556 2707 929 2773 restituisti.
1008 2715 1093 2772 At
1127 2716 1311 2789 ipsius
1345 2717 1581 2788 quidem
1630 2716 1949 2775 crudelitas
1987 2709 2176 2795 justa
2208 2721 2398 2773 morte
2440 2718 2666 2789 punita,

556 2812 617 2861 te
651 2822 901 2877 quoque,
942 2806 1262 2862 maximum
1326 2797 1507 2864 illius
1566 2799 1909 2877 fautorem,
1946 2807 2150 2863 eadem
2199 2810 2389 2862 morte
2423 2806 2670 2878 punien-

556 2892 700 2949 dum
764 2885 902 2953 fore
969 2887 1394 2955 decrevimus,
1525 2897 1854 2955 Procumbo
1911 2895 2121 2968 igitur,
2198 2892 2459 2967 pestifer,
2534 2911 2667 2968 pro-

557 2976 786 3041 cumbe,
851 2981 913 3032 et
972 2976 1156 3049 digna
1207 2978 1433 3034 ultione
1488 2979 1795 3043 multatus,
1850 2975 2041 3031 eidem
2089 2991 2268 3047 quam
2321 2979 2525 3030 contra
2557 2991 2666 3030 nos

558 3059 757 3115 fovisti
795 3060 973 3116 morti
999 3061 1328 3116 succumbe.
1403 3060 1719 3117 Wilfridus
1756 3059 1861 3124 ait,
1903 3060 1939 3085 ‘⁸
1966 3057 2032 3114 si
2068 3075 2186 3113 non
2212 3056 2411 3129 jure,”
2448 3056 2663 3127 inquit,
2689 3066 2794 3117 and
2815 3080 2960 3116 over-

562 3143 599 3169 “
639 3143 753 3197 feci
801 3159 934 3197 cum
977 3160 1180 3213 regem
1246 3159 1430 3213 regno
1478 3143 1696 3214 injuste
1744 3141 2072 3212 expulsum,
2122 3144 2408 3211 quantum
2457 3139 2523 3193 in
2567 3156 2665 3194 me
2688 3132 3006 3182 oomffithem

561 3224 599 3251 ‘⁶
640 3223 775 3289 fuit,
811 3223 1185 3279 hereditarias
1223 3223 1502 3294 dignitati
1536 3223 1796 3296 praefeci,
1836 3229 1896 3280 et
1930 3223 2040 3278 hoc
2076 3222 2160 3277 ita
2220 3237 2399 3292 penes
2434 3237 2496 3275 se
2538 3200 2759 3278 esse.by
2776 3199 2959 3248 πώ·

560 3304 599 3331 “
633 3305 950 3376 justissimi
987 3305 1216 3361 Judicis
1251 3306 1496 3377 aequitas
1532 3307 1727 3371 habet,
1753 3307 1961 3372 fateor,
1986 3322 2192 3376 poenas
2208 3305 2387 3376 justae
2422 3303 2671 3360 ultionis

563 3384 600 3410 ‘⁶
639 3383 1081 3455 promptissime
1135 3377 1507 3461 suscipiam.
1579 3384 1747 3453 Quod
1781 3385 1833 3439 si
1867 3400 2237 3456 nequaquam
2272 3384 2385 3439 hoo
2425 3383 2490 3438 in
2515 3385 2671 3440 facto

564 3462 603 3488 ‘⁶
642 3468 844 3518 contra
890 3463 1015 3533 jus,
1068 3464 1173 3518 sed
1226 3480 1361 3519 cum
1404 3465 1541 3536 jure
1583 3463 1717 3529 feci,
1754 3464 1921 3518 velut
1970 3462 2101 3534 ipsa
2146 3480 2293 3518 meze
2341 3462 2673 3518 innocentia

565 3546 605 3573 ‘⁸
644 3545 859 3600 mentis
904 3546 1052 3601 mihi
1089 3551 1356 3614 testatur,
1405 3565 1475 3603 co
1520 3547 1827 3614 libentius,
1866 3547 1919 3602 si
1953 3546 2136 3603 vultis
2186 3546 2471 3613 occidere,
2518 3546 2672 3602 mori

565 3631 604 3659 ‘⁶
642 3628 929 3697 desidero,
971 3647 1085 3701 quo
1124 3649 1220 3686 me
1258 3649 1366 3703 pro
1397 3631 1637 3703 justitia
1672 3631 1932 3687 occisum
1970 3631 2244 3703 martyrii
2282 3631 2474 3702 gloria
2508 3649 2672 3686 coro·

567 3711 606 3738 “
644 3710 905 3766 nandum
927 3711 1054 3765 fore
1089 3711 1450 3768 considero.''
1525 3703 1626 3768 Ut
1670 3709 1895 3768 autem
1950 3712 2229 3768 viderunt
2274 3712 2469 3767 virum
2505 3717 2672 3767 tanta

562 3790 779 3847 mentis
815 3792 1145 3847 constantia
1177 3791 1308 3855 niti,
1358 3792 1544 3848 nimio
1583 3797 1807 3847 terrore
1842 3792 2096 3863 perculsi
2123 3808 2288 3846 arma
2326 3790 2669 3863 projiciunt,

563 3867 633 3927 et
716 3875 890 3926 terrae
950 3863 1451 3948 procumbentes
1514 3873 1747 3928 veniam
1799 3862 2195 3948 postulando
2252 3870 2367 3926 viri
2422 3870 2674 3940 vestigia

563 3957 781 4014 osculis
817 3964 1041 4029 petunt.
1116 3953 1296 4018 Data
1340 3953 1566 4038 itaque
1610 3958 2035 4024 benedictione,
2075 3976 2208 4015 cum
2244 3960 2365 4015 suis
2423 3953 2670 4038 episco-

566 4059 690 4123 pus
733 4059 1043 4124 prospero
1088 4041 1326 4107 itinere
1370 4040 1684 4129 Angliam
1729 4059 2059 4124 regressus
2105 4044 2220 4104 est.

656 4125 956 4213 Cumque
1009 4137 1074 4192 in
1143 4144 1432 4195 conventu
1479 4136 1768 4193 nobilium
1823 4151 2064 4191 causam
2114 4153 2277 4191 suam
2341 4137 2479 4194 viva
2528 4154 2671 4194 voce
2695 4144 2932 4207 Eadmer,

565 4215 960 4293 defenderet,
1021 4226 1283 4298 falsoque
1343 4243 1407 4281 se
1460 4227 1817 4291 accusatum,
1876 4240 1946 4279 ac
2007 4222 2227 4295 injuria
2284 4223 2672 4296 degradatum
2696 4226 2809 4276 0⁸1>-
2826 4210 3007 4307 {xxiv-

566 4309 754 4369 libera
787 4313 1212 4386 protestatione
1246 4306 1636 4381 ostenderet,
1660 4330 1763 4368 rex
1797 4307 2027 4368 tamen
2060 4311 2274 4368 maluit
2306 4312 2371 4367 in
2406 4331 2511 4369 sua
2544 4330 2672 4385 per·

563 4390 784 4448 tinacia
835 4398 1037 4449 contra
1091 4393 1426 4466 :equitatem
1478 4392 1815 4466 perdurare,
1869 4410 2044 4463 quam
2096 4391 2393 4463 aequitatis
2444 4393 2671 4449 ratione

565 4489 733 4529 suam
781 4476 1164 4548 pertinaciam
1209 4477 1504 4548 mitigare.
1579 4476 1808 4532 Literas
1856 4493 2023 4546 papae
2085 4474 2311 4530 tumido
2359 4476 2514 4531 fastu
2573 4476 2671 4533 de-

637 4778 652 4811 ¹
685 4778 1044 4848 corroboravit]
1084 4780 1360 4843 roboravit,
1381 4781 1444 4832 E.
1470 4781 1533 4830 Ο.
1612 4779 1622 4847 Ι
1733 4778 1754 4812 2
1789 4778 1932 4847 erqo]
1976 4781 2091 4833 Om.
2116 4783 2178 4833 Ε.
2204 4782 2267 4835 Ο.

2229 4882 2256 4929 1
2288 4883 2315 4930 1
2364 4871 2404 4930 2
