<?xml version="1.0" encoding="UTF-8"?>
<!DOCTYPE html PUBLIC "-//W3C//DTD XHTML 1.0 Transitional//EN"
    "http://www.w3.org/TR/xhtml1/DTD/xhtml1-transitional.dtd">
<html xmlns="http://www.w3.org/1999/xhtml" xml:lang="en" lang="en">
 <head>
  <title>
</title>
<meta http-equiv="Content-Type" content="text/html;charset=utf-8" />
  <meta name='ocr-system' content='tesseract 3.04.00' />
  <meta name='ocr-capabilities' content='ocr_page ocr_carea ocr_par ocr_line ocrx_word'/>
</head>
<body>
  <div class='ocr_page' id='page_1' title='image "./historianschurc01raingoog_0300.png"; bbox 0 0 3600 5800; ppageno 0'>
   <div class='ocr_carea' id='block_1_1' title="bbox 829 874 2323 937">
    <p class='ocr_par' dir='ltr' id='par_1_1' title="bbox 829 874 2323 937">
     <span class='ocr_line' id='line_1_1' title="bbox 829 874 2323 937; baseline -0.007 0"><span class='ocrx_word' id='word_1_1' title='bbox 829 874 959 937; x_wconf 80' lang='lat'><strong>216</strong></span> <span class='ocrx_word' id='word_1_2' title='bbox 1439 880 1603 931; x_wconf 75' lang='lat' dir='ltr'><strong>vri-A</strong></span> <span class='ocrx_word' id='word_1_3' title='bbox 1647 881 1974 929; x_wconf 72' lang='lat' dir='ltr'><strong>wurmm</strong></span> <span class='ocrx_word' id='word_1_4' title='bbox 2021 879 2323 928; x_wconf 81' lang='lat' dir='ltr'>EPISCOPI</span> 
     </span>
    </p>
   </div>
   <div class='ocr_carea' id='block_1_2' title="bbox 829 1058 3188 2214">
    <p class='ocr_par' dir='ltr' id='par_1_2' title="bbox 829 1058 3188 2214">
     <span class='ocr_line' id='line_1_2' title="bbox 833 1058 3188 1137; baseline 0 -14"><span class='ocrx_word' id='word_1_5' title='bbox 833 1073 1004 1124; x_wconf 89' lang='lat' dir='ltr'><strong>esset.</strong></span> <span class='ocrx_word' id='word_1_6' title='bbox 1095 1058 1266 1124; x_wconf 87' lang='lat' dir='ltr'><strong>Tum</strong></span> <span class='ocrx_word' id='word_1_7' title='bbox 1311 1065 1644 1122; x_wconf 81' lang='lat' dir='ltr'><strong>Bonifacius</strong></span> <span class='ocrx_word' id='word_1_8' title='bbox 1695 1065 2016 1137; x_wconf 85' lang='lat' dir='ltr'><strong>Apostolici</strong></span> <span class='ocrx_word' id='word_1_9' title='bbox 2064 1082 2232 1137; x_wconf 79' lang='lat' dir='ltr'><strong>papae</strong></span> <span class='ocrx_word' id='word_1_10' title='bbox 2282 1067 2666 1134; x_wconf 68' lang='lat' dir='ltr'><strong>consiliarius,</strong></span> <span class='ocrx_word' id='word_1_11' title='bbox 2720 1072 2783 1123; x_wconf 88' lang='lat' dir='ltr'><strong>et</strong></span> <span class='ocrx_word' id='word_1_12' title='bbox 2831 1060 2935 1121; x_wconf 88' lang='lat' dir='ltr'><strong>alii</strong></span> <span class='ocrx_word' id='word_1_13' title='bbox 2959 1058 3117 1124; x_wconf 67' lang='lat' dir='ltr'><strong>Beda»</strong></span> <span class='ocrx_word' id='word_1_14' title='bbox 3139 1077 3188 1112; x_wconf 72' lang='lat' dir='ltr'><strong>V·</strong></span> 
     </span>
     <span class='ocr_line' id='line_1_3' title="bbox 829 1135 3042 1220; baseline -0.002 -17"><span class='ocrx_word' id='word_1_15' title='bbox 829 1147 1150 1220; x_wconf 89' lang='lat' dir='ltr'><strong>perplures,</strong></span> <span class='ocrx_word' id='word_1_16' title='bbox 1189 1147 1292 1219; x_wconf 90' lang='lat' dir='ltr'><strong>qui</strong></span> <span class='ocrx_word' id='word_1_17' title='bbox 1341 1163 1478 1201; x_wconf 90' lang='lat' dir='ltr'><strong>eum</strong></span> <span class='ocrx_word' id='word_1_18' title='bbox 1531 1145 1893 1217; x_wconf 79' lang='lat' dir='ltr'><strong>temporibus</strong></span> <span class='ocrx_word' id='word_1_19' title='bbox 1937 1143 2269 1217; x_wconf 83' lang='lat' dir='ltr'><strong>Agathonis</strong></span> <span class='ocrx_word' id='word_1_20' title='bbox 2316 1163 2483 1219; x_wconf 77' lang='lat' dir='ltr'><strong>papae</strong></span> <span class='ocrx_word' id='word_1_21' title='bbox 2523 1144 2609 1201; x_wconf 90' lang='lat' dir='ltr'><strong>ibi</strong></span> <span class='ocrx_word' id='word_1_22' title='bbox 2643 1145 2930 1211; x_wconf 81' lang='lat' dir='ltr'><strong>viderant,</strong></span> <span class='ocrx_word' id='word_1_23' title='bbox 2964 1135 3042 1180; x_wconf 80' lang='lat'><strong>1⁹·</strong></span> 
     </span>
     <span class='ocr_line' id='line_1_4' title="bbox 832 1228 2935 1303; baseline -0.001 -18"><span class='ocrx_word' id='word_1_24' title='bbox 832 1230 1104 1287; x_wconf 85' lang='lat' dir='ltr'><strong>dicebant</strong></span> <span class='ocrx_word' id='word_1_25' title='bbox 1137 1230 1333 1303; x_wconf 88' lang='lat' dir='ltr'><strong>ipsum</strong></span> <span class='ocrx_word' id='word_1_26' title='bbox 1372 1246 1497 1285; x_wconf 88' lang='lat' dir='ltr'><strong>esse</strong></span> <span class='ocrx_word' id='word_1_27' title='bbox 1546 1228 1903 1301; x_wconf 86' lang='lat' dir='ltr'><strong>episcopum,</strong></span> <span class='ocrx_word' id='word_1_28' title='bbox 1942 1230 2044 1301; x_wconf 91' lang='lat' dir='ltr'><strong>qui</strong></span> <span class='ocrx_word' id='word_1_29' title='bbox 2090 1233 2395 1287; x_wconf 80' lang='lat' dir='ltr'><strong>accusatus</strong></span> <span class='ocrx_word' id='word_1_30' title='bbox 2429 1248 2466 1285; x_wconf 88' lang='lat' dir='ltr'><strong>a</strong></span> <span class='ocrx_word' id='word_1_31' title='bbox 2499 1230 2641 1295; x_wconf 87' lang='lat' dir='ltr'><strong>suis,</strong></span> <span class='ocrx_word' id='word_1_32' title='bbox 2686 1234 2863 1301; x_wconf 85' lang='lat' dir='ltr'><strong>atque</strong></span> <span class='ocrx_word' id='word_1_33' title='bbox 2898 1246 2935 1284; x_wconf 89' lang='lat' dir='ltr'><strong>a</strong></span> 
     </span>
     <span class='ocr_line' id='line_1_5' title="bbox 834 1300 2935 1384; baseline -0.003 -16"><span class='ocrx_word' id='word_1_34' title='bbox 834 1313 972 1369; x_wconf 86' lang='lat' dir='ltr'><strong>sede</strong></span> <span class='ocrx_word' id='word_1_35' title='bbox 1008 1310 1349 1383; x_wconf 87' lang='lat' dir='ltr'><strong>Apostolica</strong></span> <span class='ocrx_word' id='word_1_36' title='bbox 1364 1310 1739 1384; x_wconf 88' lang='lat' dir='ltr'><strong>judicandus,</strong></span> <span class='ocrx_word' id='word_1_37' title='bbox 1776 1327 1965 1382; x_wconf 83' lang='lat' dir='ltr'><strong>nuper</strong></span> <span class='ocrx_word' id='word_1_38' title='bbox 2000 1310 2246 1365; x_wconf 88' lang='lat' dir='ltr'><strong>Romam</strong></span> <span class='ocrx_word' id='word_1_39' title='bbox 2281 1300 2592 1381; x_wconf 76' lang='lat' dir='ltr'><strong>advenit3</strong></span> <span class='ocrx_word' id='word_1_40' title='bbox 2653 1310 2753 1380; x_wconf 91' lang='lat' dir='ltr'><strong>qui</strong></span> <span class='ocrx_word' id='word_1_41' title='bbox 2787 1311 2935 1381; x_wconf 82' lang='lat' dir='ltr'><strong>jam·</strong></span> 
     </span>
     <span class='ocr_line' id='line_1_6' title="bbox 834 1387 2943 1461; baseline -0.002 -14"><span class='ocrx_word' id='word_1_42' title='bbox 834 1392 1075 1455; x_wconf 88' lang='lat' dir='ltr'><strong>dudum,</strong></span> <span class='ocrx_word' id='word_1_43' title='bbox 1115 1390 1407 1461; x_wconf 89' lang='lat' dir='ltr'><strong>inquiunt,</strong></span> <span class='ocrx_word' id='word_1_44' title='bbox 1447 1406 1614 1461; x_wconf 80' lang='lat' dir='ltr'><strong>oeque</strong></span> <span class='ocrx_word' id='word_1_45' title='bbox 1661 1394 1963 1445; x_wconf 82' lang='lat' dir='ltr'><strong>accusatus</strong></span> <span class='ocrx_word' id='word_1_46' title='bbox 2010 1390 2125 1444; x_wconf 91' lang='lat' dir='ltr'><strong>huc</strong></span> <span class='ocrx_word' id='word_1_47' title='bbox 2173 1389 2507 1455; x_wconf 81' lang='lat' dir='ltr'><strong>adveniens,</strong></span> <span class='ocrx_word' id='word_1_48' title='bbox 2556 1407 2691 1444; x_wconf 88' lang='lat' dir='ltr'><strong>mox</strong></span> <span class='ocrx_word' id='word_1_49' title='bbox 2741 1387 2943 1443; x_wconf 88' lang='lat' dir='ltr'><strong>audita</strong></span> 
     </span>
     <span class='ocr_line' id='line_1_7' title="bbox 837 1472 2944 1548; baseline -0.002 -17"><span class='ocrx_word' id='word_1_50' title='bbox 837 1475 1275 1548; x_wconf 73' lang='lat' dir='ltr'>dijudicataque</span> <span class='ocrx_word' id='word_1_51' title='bbox 1310 1491 1485 1529; x_wconf 87' lang='lat' dir='ltr'><strong>causa</strong></span> <span class='ocrx_word' id='word_1_52' title='bbox 1531 1479 1592 1529; x_wconf 90' lang='lat' dir='ltr'><strong>et</strong></span> <span class='ocrx_word' id='word_1_53' title='bbox 1638 1474 2035 1530; x_wconf 81' lang='lat' dir='ltr'><strong>controversia</strong></span> <span class='ocrx_word' id='word_1_54' title='bbox 2081 1473 2388 1546; x_wconf 87' lang='lat' dir='ltr'><strong>utriusque</strong></span> <span class='ocrx_word' id='word_1_55' title='bbox 2440 1473 2645 1546; x_wconf 87' lang='lat' dir='ltr'><strong>partis,</strong></span> <span class='ocrx_word' id='word_1_56' title='bbox 2685 1490 2722 1527; x_wconf 89' lang='lat' dir='ltr'><strong>a</strong></span> <span class='ocrx_word' id='word_1_57' title='bbox 2756 1472 2944 1528; x_wconf 78' lang='lat' dir='ltr'><strong>beatoe</strong></span> 
     </span>
     <span class='ocr_line' id='line_1_8' title="bbox 839 1551 2946 1625; baseline -0.001 -16"><span class='ocrx_word' id='word_1_58' title='bbox 839 1552 1135 1609; x_wconf 80' lang='lat' dir='ltr'><strong>memoriae</strong></span> <span class='ocrx_word' id='word_1_59' title='bbox 1190 1570 1340 1625; x_wconf 81' lang='lat' dir='ltr'><strong>papa</strong></span> <span class='ocrx_word' id='word_1_60' title='bbox 1384 1551 1701 1624; x_wconf 73' lang='lat' dir='ltr'><strong>Agathone</strong></span> <span class='ocrx_word' id='word_1_61' title='bbox 1755 1553 2033 1624; x_wconf 89' lang='lat' dir='ltr'><strong>probatus</strong></span> <span class='ocrx_word' id='word_1_62' title='bbox 2082 1557 2176 1608; x_wconf 90' lang='lat' dir='ltr'><strong>est</strong></span> <span class='ocrx_word' id='word_1_63' title='bbox 2220 1557 2426 1608; x_wconf 86' lang='lat' dir='ltr'><strong>contra</strong></span> <span class='ocrx_word' id='word_1_64' title='bbox 2470 1553 2561 1609; x_wconf 82' lang='lat' dir='ltr'><strong>fas</strong></span> <span class='ocrx_word' id='word_1_65' title='bbox 2595 1565 2735 1610; x_wconf 79' lang='lat' dir='ltr'><strong>esse</strong></span> <span class='ocrx_word' id='word_1_66' title='bbox 2769 1570 2806 1608; x_wconf 88' lang='lat' dir='ltr'><strong>a</strong></span> <span class='ocrx_word' id='word_1_67' title='bbox 2841 1568 2946 1607; x_wconf 89' lang='lat' dir='ltr'><strong>suo</strong></span> 
     </span>
     <span class='ocr_line' id='line_1_9' title="bbox 836 1631 2947 1714; baseline -0.002 -17"><span class='ocrx_word' id='word_1_68' title='bbox 836 1643 1178 1714; x_wconf 88' lang='lat' dir='ltr'><strong>episcopatu</strong></span> <span class='ocrx_word' id='word_1_69' title='bbox 1229 1638 1516 1711; x_wconf 88' lang='lat' dir='ltr'><strong>repulsus.</strong></span> <span class='ocrx_word' id='word_1_70' title='bbox 1623 1631 1823 1697; x_wconf 83' lang='lat' dir='ltr'><strong>Unde</strong></span> <span class='ocrx_word' id='word_1_71' title='bbox 1869 1633 2072 1697; x_wconf 77' lang='lat' dir='ltr'><strong>etiam</strong></span> <span class='ocrx_word' id='word_1_72' title='bbox 2115 1639 2267 1696; x_wconf 86' lang='lat' dir='ltr'><strong>tanti</strong></span> <span class='ocrx_word' id='word_1_73' title='bbox 2319 1639 2472 1711; x_wconf 89' lang='lat' dir='ltr'><strong>apud</strong></span> <span class='ocrx_word' id='word_1_74' title='bbox 2523 1657 2657 1696; x_wconf 89' lang='lat' dir='ltr'><strong>eum</strong></span> <span class='ocrx_word' id='word_1_75' title='bbox 2710 1638 2947 1695; x_wconf 88' lang='lat' dir='ltr'><strong>habitus</strong></span> 
     </span>
     <span class='ocr_line' id='line_1_10' title="bbox 834 1723 2944 1805; baseline -0.001 -19"><span class='ocrx_word' id='word_1_76' title='bbox 834 1736 943 1796; x_wconf 85' lang='lat' dir='ltr'><strong>est,</strong></span> <span class='ocrx_word' id='word_1_77' title='bbox 983 1734 1051 1787; x_wconf 89' lang='lat' dir='ltr'><strong>ut</strong></span> <span class='ocrx_word' id='word_1_78' title='bbox 1085 1729 1279 1801; x_wconf 87' lang='lat' dir='ltr'><strong>ipsum</strong></span> <span class='ocrx_word' id='word_1_79' title='bbox 1302 1729 1367 1783; x_wconf 90' lang='lat' dir='ltr'><strong>in</strong></span> <span class='ocrx_word' id='word_1_80' title='bbox 1389 1728 1636 1785; x_wconf 88' lang='lat' dir='ltr'><strong>concilio</strong></span> <span class='ocrx_word' id='word_1_81' title='bbox 1663 1729 1819 1801; x_wconf 91' lang='lat' dir='ltr'><strong>quod</strong></span> <span class='ocrx_word' id='word_1_82' title='bbox 1852 1734 2240 1801; x_wconf 79' lang='lat' dir='ltr'><strong>congregarat</strong></span> <span class='ocrx_word' id='word_1_83' title='bbox 2263 1729 2683 1801; x_wconf 87' lang='lat' dir='ltr'><strong>episcoporum,</strong></span> <span class='ocrx_word' id='word_1_84' title='bbox 2708 1723 2944 1805; x_wconf 73' lang='lat' dir='ltr'><strong>utpote</strong></span> 
     </span>
     <span class='ocr_line' id='line_1_11' title="bbox 834 1807 2941 1881; baseline -0.002 -16"><span class='ocrx_word' id='word_1_85' title='bbox 834 1811 1031 1865; x_wconf 84' lang='lat' dir='ltr'><strong>virum</strong></span> <span class='ocrx_word' id='word_1_86' title='bbox 1090 1810 1446 1881; x_wconf 65' lang='lat' dir='ltr'><strong>incorruptas</strong></span> <span class='ocrx_word' id='word_1_87' title='bbox 1499 1807 1635 1864; x_wconf 90' lang='lat' dir='ltr'><strong>fidei</strong></span> <span class='ocrx_word' id='word_1_88' title='bbox 1686 1813 1748 1864; x_wconf 89' lang='lat' dir='ltr'><strong>et</strong></span> <span class='ocrx_word' id='word_1_89' title='bbox 1798 1808 1981 1865; x_wconf 89' lang='lat' dir='ltr'><strong>animi</strong></span> <span class='ocrx_word' id='word_1_90' title='bbox 2029 1808 2215 1881; x_wconf 88' lang='lat' dir='ltr'><strong>probi,</strong></span> <span class='ocrx_word' id='word_1_91' title='bbox 2268 1808 2522 1863; x_wconf 87' lang='lat' dir='ltr'><strong>residere</strong></span> <span class='ocrx_word' id='word_1_92' title='bbox 2574 1810 2941 1879; x_wconf 78' lang='lat' dir='ltr'><strong>praeciperet.</strong></span> 
     </span>
     <span class='ocr_line' id='line_1_12' title="bbox 838 1886 2942 1960; baseline -0.001 -16"><span class='ocrx_word' id='word_1_93' title='bbox 838 1889 1062 1960; x_wconf 82' lang='lat' dir='ltr'><strong>Quibus</strong></span> <span class='ocrx_word' id='word_1_94' title='bbox 1100 1886 1340 1954; x_wconf 86' lang='lat' dir='ltr'><strong>auditis,</strong></span> <span class='ocrx_word' id='word_1_95' title='bbox 1368 1905 1589 1953; x_wconf 88' lang='lat' dir='ltr'><strong>omnes,</strong></span> <span class='ocrx_word' id='word_1_96' title='bbox 1613 1906 1732 1943; x_wconf 87' lang='lat' dir='ltr'><strong>una</strong></span> <span class='ocrx_word' id='word_1_97' title='bbox 1759 1906 1896 1944; x_wconf 86' lang='lat' dir='ltr'><strong>cum</strong></span> <span class='ocrx_word' id='word_1_98' title='bbox 1931 1889 2058 1959; x_wconf 88' lang='lat' dir='ltr'><strong>ipso</strong></span> <span class='ocrx_word' id='word_1_99' title='bbox 2094 1900 2350 1944; x_wconf 77' lang='lat' dir='ltr'><strong>Summo</strong></span> <span class='ocrx_word' id='word_1_100' title='bbox 2386 1888 2681 1960; x_wconf 86' lang='lat' dir='ltr'><strong>pontifice,</strong></span> <span class='ocrx_word' id='word_1_101' title='bbox 2720 1887 2942 1950; x_wconf 85' lang='lat' dir='ltr'><strong>dixere,</strong></span> 
     </span>
     <span class='ocr_line' id='line_1_13' title="bbox 835 1968 2943 2039; baseline -0.002 -14"><span class='ocrx_word' id='word_1_102' title='bbox 835 1970 1031 2025; x_wconf 83' lang='lat' dir='ltr'><strong>virum</strong></span> <span class='ocrx_word' id='word_1_103' title='bbox 1089 1973 1268 2025; x_wconf 81' lang='lat' dir='ltr'><strong>tantae</strong></span> <span class='ocrx_word' id='word_1_104' title='bbox 1330 1968 1719 2033; x_wconf 75' lang='lat' dir='ltr'><strong>auctoritatis,</strong></span> <span class='ocrx_word' id='word_1_105' title='bbox 1774 1968 1877 2038; x_wconf 88' lang='lat' dir='ltr'><strong>qui</strong></span> <span class='ocrx_word' id='word_1_106' title='bbox 1931 1985 2037 2038; x_wconf 88' lang='lat' dir='ltr'><strong>per</strong></span> <span class='ocrx_word' id='word_1_107' title='bbox 2091 1968 2481 2039; x_wconf 83' lang='lat' dir='ltr'><strong>quadraginta</strong></span> <span class='ocrx_word' id='word_1_108' title='bbox 2530 1984 2708 2039; x_wconf 88' lang='lat' dir='ltr'><strong>prope</strong></span> <span class='ocrx_word' id='word_1_109' title='bbox 2762 1981 2943 2022; x_wconf 90' lang='lat' dir='ltr'><strong>annos</strong></span> 
     </span>
     <span class='ocr_line' id='line_1_14' title="bbox 837 2037 2941 2121; baseline 0 -18"><span class='ocrx_word' id='word_1_110' title='bbox 837 2048 1173 2121; x_wconf 86' lang='lat' dir='ltr'><strong>episcopatu</strong></span> <span class='ocrx_word' id='word_1_111' title='bbox 1231 2037 1498 2104; x_wconf 77' lang='lat' dir='ltr'><strong>functus</strong></span> <span class='ocrx_word' id='word_1_112' title='bbox 1560 2044 1717 2116; x_wconf 78' lang='lat' dir='ltr'><strong>erat,</strong></span> <span class='ocrx_word' id='word_1_113' title='bbox 1763 2064 2133 2117; x_wconf 87' lang='lat' dir='ltr'><strong>nequaquam</strong></span> <span class='ocrx_word' id='word_1_114' title='bbox 2193 2047 2458 2102; x_wconf 86' lang='lat' dir='ltr'><strong>damnari</strong></span> <span class='ocrx_word' id='word_1_115' title='bbox 2516 2047 2764 2114; x_wconf 86' lang='lat' dir='ltr'><strong>debere;</strong></span> <span class='ocrx_word' id='word_1_116' title='bbox 2836 2049 2941 2104; x_wconf 88' lang='lat' dir='ltr'><strong>sed</strong></span> 
     </span>
     <span class='ocr_line' id='line_1_15' title="bbox 835 2126 2944 2214; baseline 0.001 -23"><span class='ocrx_word' id='word_1_117' title='bbox 835 2135 1166 2193; x_wconf 86' lang='lat' dir='ltr'><strong>absolutum</strong></span> <span class='ocrx_word' id='word_1_118' title='bbox 1201 2126 1287 2192; x_wconf 87' lang='lat' dir='ltr'><strong>ad</strong></span> <span class='ocrx_word' id='word_1_119' title='bbox 1336 2137 1607 2207; x_wconf 81' lang='lat' dir='ltr'><strong>patriam,</strong></span> <span class='ocrx_word' id='word_1_120' title='bbox 1658 2131 1893 2214; x_wconf 88' lang='lat' dir='ltr'><strong>utpote</strong></span> <span class='ocrx_word' id='word_1_121' title='bbox 1953 2127 2317 2191; x_wconf 89' lang='lat' dir='ltr'><strong>immunem</strong></span> <span class='ocrx_word' id='word_1_122' title='bbox 2376 2127 2463 2192; x_wconf 89' lang='lat' dir='ltr'><strong>ab</strong></span> <span class='ocrx_word' id='word_1_123' title='bbox 2508 2128 2690 2192; x_wconf 88' lang='lat' dir='ltr'><strong>omni</strong></span> <span class='ocrx_word' id='word_1_124' title='bbox 2735 2128 2944 2214; x_wconf 89' lang='lat' dir='ltr'><strong>culpa,</strong></span> 
     </span>
    </p>
   </div>
   <div class='ocr_carea' id='block_1_3' title="bbox 498 2214 2945 2902">
    <p class='ocr_par' dir='ltr' id='par_1_3' title="bbox 498 2214 2945 2676">
     <span class='ocr_line' id='line_1_16' title="bbox 498 2214 2945 2302; baseline 0.001 -24"><span class='ocrx_word' id='word_1_125' title='bbox 498 2219 552 2271; x_wconf 77' lang='lat' dir='ltr'>A</span> <span class='ocrx_word' id='word_1_126' title='bbox 575 2221 725 2299; x_wconf 60' lang='lat' dir='ltr'><strong>letter</strong></span> <span class='ocrx_word' id='word_1_127' title='bbox 745 2219 789 2272; x_wconf 69' lang='lat' dir='ltr'><strong>is</strong></span> <span class='ocrx_word' id='word_1_128' title='bbox 834 2241 970 2279; x_wconf 90' lang='lat' dir='ltr'><strong>cum</strong></span> <span class='ocrx_word' id='word_1_129' title='bbox 1006 2224 1225 2281; x_wconf 88' lang='lat' dir='ltr'><strong>honore</strong></span> <span class='ocrx_word' id='word_1_130' title='bbox 1270 2214 1498 2281; x_wconf 75' lang='lat' dir='ltr'><strong>redire.</strong></span> <span class='ocrx_word' id='word_1_131' title='bbox 1593 2224 1889 2296; x_wconf 73' lang='lat' dir='ltr'><strong>Scriptum</strong></span> <span class='ocrx_word' id='word_1_132' title='bbox 1934 2221 2036 2281; x_wconf 71' lang='lat' dir='ltr'><strong>est</strong></span> <span class='ocrx_word' id='word_1_133' title='bbox 2079 2216 2288 2302; x_wconf 71' lang='lat' dir='ltr'><strong>igitur</strong></span> <span class='ocrx_word' id='word_1_134' title='bbox 2330 2224 2573 2295; x_wconf 87' lang='lat' dir='ltr'><strong>regibus</strong></span> <span class='ocrx_word' id='word_1_135' title='bbox 2596 2223 2945 2294; x_wconf 79' lang='lat' dir='ltr'><strong>Anglorum,</strong></span> 
     </span>
     <span class='ocr_line' id='line_1_17' title="bbox 498 2294 2943 2404; baseline 0 -36"><span class='ocrx_word' id='word_1_136' title='bbox 498 2294 777 2404; x_wconf 49' lang='lat' dir='ltr'><strong>ffi‘gftnef</strong></span> <span class='ocrx_word' id='word_1_137' title='bbox 835 2302 1105 2370; x_wconf 88' lang='lat' dir='ltr'><strong>Ailredo</strong></span> <span class='ocrx_word' id='word_1_138' title='bbox 1126 2303 1151 2342; x_wconf 91' lang='lat'>¹</span> <span class='ocrx_word' id='word_1_139' title='bbox 1196 2311 1267 2371; x_wconf 87' lang='lat' dir='ltr'><strong>et</strong></span> <span class='ocrx_word' id='word_1_140' title='bbox 1325 2304 1600 2382; x_wconf 83' lang='lat' dir='ltr'><strong>Alfrido,</strong></span> <span class='ocrx_word' id='word_1_141' title='bbox 1664 2310 1743 2370; x_wconf 87' lang='lat' dir='ltr'><strong>ut</strong></span> <span class='ocrx_word' id='word_1_142' title='bbox 1803 2305 1861 2369; x_wconf 90' lang='lat' dir='ltr'><strong>si</strong></span> <span class='ocrx_word' id='word_1_143' title='bbox 1928 2304 2349 2370; x_wconf 84' lang='lat' dir='ltr'><strong>anathemate</strong></span> <span class='ocrx_word' id='word_1_144' title='bbox 2414 2304 2615 2391; x_wconf 88' lang='lat' dir='ltr'><strong>plecti</strong></span> <span class='ocrx_word' id='word_1_145' title='bbox 2676 2304 2943 2383; x_wconf 89' lang='lat' dir='ltr'><strong>noHent,</strong></span> 
     </span>
     <span class='ocr_line' id='line_1_18' title="bbox 498 2407 2945 2496; baseline 0.001 -27"><span class='ocrx_word' id='word_1_146' title='bbox 498 2421 604 2496; x_wconf 58' lang='lat' dir='ltr'><strong>aad</strong></span> <span class='ocrx_word' id='word_1_147' title='bbox 625 2421 756 2470; x_wconf 78' lang='lat' dir='ltr'><strong>Ald-</strong></span> <span class='ocrx_word' id='word_1_148' title='bbox 834 2407 1026 2471; x_wconf 84' lang='lat' dir='ltr'><strong>illum</strong></span> <span class='ocrx_word' id='word_1_149' title='bbox 1071 2409 1176 2472; x_wconf 89' lang='lat' dir='ltr'><strong>sui</strong></span> <span class='ocrx_word' id='word_1_150' title='bbox 1224 2407 1643 2494; x_wconf 71' lang='lat' dir='ltr'><strong>episcopatus</strong></span> <span class='ocrx_word' id='word_1_151' title='bbox 1704 2407 1857 2472; x_wconf 87' lang='lat' dir='ltr'><strong>sede</strong></span> <span class='ocrx_word' id='word_1_152' title='bbox 1916 2407 2119 2494; x_wconf 78' lang='lat' dir='ltr'><strong>recipi</strong></span> <span class='ocrx_word' id='word_1_153' title='bbox 2171 2407 2419 2492; x_wconf 81' lang='lat' dir='ltr'><strong>absque</strong></span> <span class='ocrx_word' id='word_1_154' title='bbox 2479 2407 2945 2473; x_wconf 77' lang='lat' dir='ltr'><strong>retractatione</strong></span> 
     </span>
     <span class='ocr_line' id='line_1_19' title="bbox 833 2508 2945 2595; baseline -0 -21"><span class='ocrx_word' id='word_1_155' title='bbox 833 2508 1142 2587; x_wconf 85' lang='lat' dir='ltr'><strong>facerent,</strong></span> <span class='ocrx_word' id='word_1_156' title='bbox 1190 2531 1266 2575; x_wconf 91' lang='lat' dir='ltr'><strong>eo</strong></span> <span class='ocrx_word' id='word_1_157' title='bbox 1314 2510 1490 2595; x_wconf 90' lang='lat' dir='ltr'><strong>quod</strong></span> <span class='ocrx_word' id='word_1_158' title='bbox 1518 2509 1737 2595; x_wconf 87' lang='lat' dir='ltr'><strong>ipsum</strong></span> <span class='ocrx_word' id='word_1_159' title='bbox 1783 2509 2032 2595; x_wconf 85' lang='lat' dir='ltr'><strong>injuria</strong></span> <span class='ocrx_word' id='word_1_160' title='bbox 2077 2509 2448 2594; x_wconf 90' lang='lat' dir='ltr'><strong>depositum</strong></span> <span class='ocrx_word' id='word_1_161' title='bbox 2488 2509 2690 2573; x_wconf 85' lang='lat' dir='ltr'><strong>fuisse</strong></span> <span class='ocrx_word' id='word_1_162' title='bbox 2720 2529 2945 2573; x_wconf 90' lang='lat' dir='ltr'><strong>omnes</strong></span> 
     </span>
     <span class='ocr_line' id='line_1_20' title="bbox 833 2610 2587 2676; baseline 0.003 -1"><span class='ocrx_word' id='word_1_163' title='bbox 833 2615 1053 2675; x_wconf 88' lang='lat' dir='ltr'><strong>ratum</strong></span> <span class='ocrx_word' id='word_1_164' title='bbox 1098 2610 1433 2676; x_wconf 78' lang='lat' dir='ltr'><strong>haberent.</strong></span> <span class='ocrx_word' id='word_1_165' title='bbox 2578 2628 2587 2637; x_wconf 82' lang='lat'><em>&#39;</em></span> 
     </span>
    </p>

    <p class='ocr_par' dir='ltr' id='par_1_4' title="bbox 835 2710 2944 2902">
     <span class='ocr_line' id='line_1_21' title="bbox 925 2710 2943 2799; baseline 0.001 -25"><span class='ocrx_word' id='word_1_166' title='bbox 925 2711 1085 2777; x_wconf 87' lang='lat' dir='ltr'><strong>Post</strong></span> <span class='ocrx_word' id='word_1_167' title='bbox 1127 2710 1271 2778; x_wconf 82' lang='lat' dir='ltr'><strong>haec</strong></span> <span class='ocrx_word' id='word_1_168' title='bbox 1331 2710 1620 2778; x_wconf 89' lang='lat' dir='ltr'><strong>famulus</strong></span> <span class='ocrx_word' id='word_1_169' title='bbox 1683 2711 1960 2780; x_wconf 82' lang='lat' dir='ltr'><strong>Domini</strong></span> <span class='ocrx_word' id='word_1_170' title='bbox 2009 2713 2269 2799; x_wconf 86' lang='lat' dir='ltr'><strong>magnis</strong></span> <span class='ocrx_word' id='word_1_171' title='bbox 2339 2712 2732 2778; x_wconf 86' lang='lat' dir='ltr'><strong>Sanctorum</strong></span> <span class='ocrx_word' id='word_1_172' title='bbox 2793 2712 2943 2777; x_wconf 90' lang='lat' dir='ltr'><strong>reli-</strong></span> 
     </span>
     <span class='ocr_line' id='line_1_22' title="bbox 835 2811 2944 2902; baseline 0.001 -25"><span class='ocrx_word' id='word_1_173' title='bbox 835 2811 1011 2898; x_wconf 87' lang='lat' dir='ltr'><strong>quiis</strong></span> <span class='ocrx_word' id='word_1_174' title='bbox 1055 2813 1514 2902; x_wconf 70' lang='lat' dir='ltr'><strong>locupletatae,</strong></span> <span class='ocrx_word' id='word_1_175' title='bbox 1562 2820 1633 2881; x_wconf 89' lang='lat' dir='ltr'><strong>et</strong></span> <span class='ocrx_word' id='word_1_176' title='bbox 1674 2814 1891 2880; x_wconf 88' lang='lat' dir='ltr'><strong>multa</strong></span> <span class='ocrx_word' id='word_1_177' title='bbox 1924 2815 2288 2881; x_wconf 86' lang='lat' dir='ltr'><strong>multorum</strong></span> <span class='ocrx_word' id='word_1_178' title='bbox 2333 2815 2756 2881; x_wconf 87' lang='lat' dir='ltr'><strong>veneratione</strong></span> <span class='ocrx_word' id='word_1_179' title='bbox 2798 2836 2944 2902; x_wconf 91' lang='lat' dir='ltr'><strong>per—</strong></span> 
     </span>
    </p>
   </div>
   <div class='ocr_carea' id='block_1_4' title="bbox 834 2916 2941 3005">
    <p class='ocr_par' dir='ltr' id='par_1_5' title="bbox 834 2916 2941 3005">
     <span class='ocr_line' id='line_1_23' title="bbox 834 2916 2941 3005; baseline 0.001 -25"><span class='ocrx_word' id='word_1_180' title='bbox 834 2916 1103 2981; x_wconf 83' lang='lat' dir='ltr'><strong>fimctus</strong></span> <span class='ocrx_word' id='word_1_181' title='bbox 1149 2922 1219 2983; x_wconf 90' lang='lat' dir='ltr'><strong>et</strong></span> <span class='ocrx_word' id='word_1_182' title='bbox 1261 2916 1688 2996; x_wconf 80' lang='lat' dir='ltr'><strong>exhilaratus,</strong></span> <span class='ocrx_word' id='word_1_183' title='bbox 1721 2919 2006 3005; x_wconf 87' lang='lat' dir='ltr'><strong>patriam</strong></span> <span class='ocrx_word' id='word_1_184' title='bbox 2052 2918 2388 2983; x_wconf 88' lang='lat' dir='ltr'><strong>remeandi</strong></span> <span class='ocrx_word' id='word_1_185' title='bbox 2432 2917 2614 2983; x_wconf 83' lang='lat' dir='ltr'><strong>viam</strong></span> <span class='ocrx_word' id='word_1_186' title='bbox 2658 2917 2941 3004; x_wconf 87' lang='lat' dir='ltr'><strong>repetiit.</strong></span> 
     </span>
    </p>
   </div>
   <div class='ocr_carea' id='block_1_5' title="bbox 1495 3177 2270 3271">
    <p class='ocr_par' dir='ltr' id='par_1_6' title="bbox 1495 3177 2270 3271">
     <span class='ocr_line' id='line_1_24' title="bbox 1495 3177 2270 3271; baseline 0 -26"><span class='ocrx_word' id='word_1_187' title='bbox 1495 3177 1952 3271; x_wconf 73' lang='lat' dir='ltr'>[CAPITULUM</span> <span class='ocrx_word' id='word_1_188' title='bbox 1999 3177 2270 3263; x_wconf 68' lang='lat' dir='ltr'>XLIX]</span> 
     </span>
    </p>
   </div>
   <div class='ocr_carea' id='block_1_6' title="bbox 497 3327 3195 3534">
    <p class='ocr_par' dir='ltr' id='par_1_7' title="bbox 497 3327 3195 3534">
     <span class='ocr_line' id='line_1_25' title="bbox 497 3327 3195 3416; baseline -0.002 -17"><span class='ocrx_word' id='word_1_189' title='bbox 497 3332 751 3385; x_wconf 63' lang='lat' dir='ltr'><strong>Wssffid&#39;ss</strong></span> <span class='ocrx_word' id='word_1_190' title='bbox 927 3336 1205 3416; x_wconf 85' lang='lat' dir='ltr'><strong>Cumque</strong></span> <span class='ocrx_word' id='word_1_191' title='bbox 1248 3340 1312 3396; x_wconf 90' lang='lat' dir='ltr'><strong>in</strong></span> <span class='ocrx_word' id='word_1_192' title='bbox 1345 3345 1545 3412; x_wconf 86' lang='lat' dir='ltr'><strong>partes</strong></span> <span class='ocrx_word' id='word_1_193' title='bbox 1583 3337 1909 3396; x_wconf 77' lang='lat' dir='ltr'><strong>Galliarum</strong></span> <span class='ocrx_word' id='word_1_194' title='bbox 1945 3338 2292 3406; x_wconf 83' lang='lat' dir='ltr'><strong>devenisset,</strong></span> <span class='ocrx_word' id='word_1_195' title='bbox 2329 3327 2552 3395; x_wconf 85' lang='lat' dir='ltr'><strong>subita</strong></span> <span class='ocrx_word' id='word_1_196' title='bbox 2595 3336 2938 3396; x_wconf 85' lang='lat' dir='ltr'><strong>infirmitate</strong></span> <span class='ocrx_word' id='word_1_197' title='bbox 2960 3347 3121 3412; x_wconf 67' lang='lat' dir='ltr'><strong>Beda,</strong></span> <span class='ocrx_word' id='word_1_198' title='bbox 3141 3363 3195 3399; x_wconf 79' lang='lat' dir='ltr'><strong>v.</strong></span> 
     </span>
     <span class='ocr_line' id='line_1_26' title="bbox 497 3400 3044 3534; baseline -0.002 -33"><span class='ocrx_word' id='word_1_199' title='bbox 497 3400 812 3519; x_wconf 52' lang='lat' dir='ltr'><strong>{iffflogt</strong></span> <span class='ocrx_word' id='word_1_200' title='bbox 834 3431 1199 3519; x_wconf 74' lang='lat' dir='ltr'><strong>corripitur.</strong></span> <span class='ocrx_word' id='word_1_201' title='bbox 1247 3521 1264 3534; x_wconf 48' lang='grc'><strong>.</strong></span> <span class='ocrx_word' id='word_1_202' title='bbox 1294 3431 1446 3513; x_wconf 74' lang='lat' dir='ltr'><strong>Qua</strong></span> <span class='ocrx_word' id='word_1_203' title='bbox 1489 3446 1808 3508; x_wconf 83' lang='lat' dir='ltr'><strong>crescente,</strong></span> <span class='ocrx_word' id='word_1_204' title='bbox 1841 3437 2032 3499; x_wconf 71' lang='lat' dir='ltr'><strong>tanto</strong></span> <span class='ocrx_word' id='word_1_205' title='bbox 2080 3432 2301 3500; x_wconf 81' lang='lat' dir='ltr'><strong>dolore</strong></span> <span class='ocrx_word' id='word_1_206' title='bbox 2346 3438 2644 3512; x_wconf 79' lang='lat' dir='ltr'><strong>vexatur,</strong></span> <span class='ocrx_word' id='word_1_207' title='bbox 2677 3437 2759 3498; x_wconf 78' lang='lat' dir='ltr'><strong>ut</strong></span> <span class='ocrx_word' id='word_1_208' title='bbox 2788 3459 2940 3515; x_wconf 91' lang='lat' dir='ltr'><strong>equo</strong></span> <span class='ocrx_word' id='word_1_209' title='bbox 2966 3419 3044 3465; x_wconf 79' lang='lat'><strong>¹⁹·</strong></span> 
     </span>
    </p>
   </div>
   <div class='ocr_carea' id='block_1_7' title="bbox 496 3532 2943 3900">
    <p class='ocr_par' dir='ltr' id='par_1_8' title="bbox 496 3532 2943 3900">
     <span class='ocr_line' id='line_1_27' title="bbox 496 3532 2939 3614; baseline 0.001 -17"><span class='ocrx_word' id='word_1_210' title='bbox 496 3532 577 3584; x_wconf 61' lang='grc' dir='ltr'><strong>ΜΒ</strong></span> <span class='ocrx_word' id='word_1_211' title='bbox 598 3540 790 3585; x_wconf 70' lang='lat' dir='ltr'><strong>retm-</strong></span> <span class='ocrx_word' id='word_1_212' title='bbox 833 3533 1106 3600; x_wconf 83' lang='lat' dir='ltr'><strong>minime</strong></span> <span class='ocrx_word' id='word_1_213' title='bbox 1149 3543 1288 3599; x_wconf 81' lang='lat' dir='ltr'><strong>vehi</strong></span> <span class='ocrx_word' id='word_1_214' title='bbox 1328 3533 1595 3612; x_wconf 77' lang='lat' dir='ltr'><strong>valeret,</strong></span> <span class='ocrx_word' id='word_1_215' title='bbox 1643 3541 1747 3597; x_wconf 87' lang='lat' dir='ltr'><strong>sed</strong></span> <span class='ocrx_word' id='word_1_216' title='bbox 1806 3533 2215 3599; x_wconf 84' lang='lat' dir='ltr'><strong>ministrorum</strong></span> <span class='ocrx_word' id='word_1_217' title='bbox 2268 3542 2539 3598; x_wconf 87' lang='lat' dir='ltr'><strong>manibus</strong></span> <span class='ocrx_word' id='word_1_218' title='bbox 2596 3543 2660 3598; x_wconf 89' lang='lat' dir='ltr'><strong>in</strong></span> <span class='ocrx_word' id='word_1_219' title='bbox 2695 3545 2939 3614; x_wconf 82' lang='lat' dir='ltr'><strong>grabato</strong></span> 
     </span>
     <span class='ocr_line' id='line_1_28' title="bbox 834 3632 2938 3707; baseline 0.002 -19"><span class='ocrx_word' id='word_1_220' title='bbox 834 3638 1184 3704; x_wconf 85' lang='lat' dir='ltr'><strong>portaretur.</strong></span> <span class='ocrx_word' id='word_1_221' title='bbox 1283 3632 1499 3707; x_wconf 82' lang='lat' dir='ltr'><strong>Sicque</strong></span> <span class='ocrx_word' id='word_1_222' title='bbox 1561 3634 1789 3689; x_wconf 86' lang='lat' dir='ltr'><strong>delatus</strong></span> <span class='ocrx_word' id='word_1_223' title='bbox 1850 3633 1914 3689; x_wconf 90' lang='lat' dir='ltr'><strong>in</strong></span> <span class='ocrx_word' id='word_1_224' title='bbox 1973 3633 2258 3703; x_wconf 81' lang='lat' dir='ltr'><strong>Meldum,</strong></span> <span class='ocrx_word' id='word_1_225' title='bbox 2333 3632 2637 3694; x_wconf 78' lang='lat' dir='ltr'><strong>civitatem</strong></span> <span class='ocrx_word' id='word_1_226' title='bbox 2710 3634 2938 3701; x_wconf 69' lang='lat' dir='ltr'><strong>Galliae,</strong></span> 
     </span>
     <span class='ocr_line' id='line_1_29' title="bbox 835 3719 2941 3799; baseline 0.001 -16"><span class='ocrx_word' id='word_1_227' title='bbox 835 3732 1084 3798; x_wconf 83' lang='lat' dir='ltr'><strong>quatuor</strong></span> <span class='ocrx_word' id='word_1_228' title='bbox 1137 3726 1344 3784; x_wconf 90' lang='lat' dir='ltr'><strong>diebus</strong></span> <span class='ocrx_word' id='word_1_229' title='bbox 1399 3746 1467 3784; x_wconf 89' lang='lat' dir='ltr'><strong>ac</strong></span> <span class='ocrx_word' id='word_1_230' title='bbox 1516 3728 1785 3784; x_wconf 87' lang='lat' dir='ltr'><strong>noctibus</strong></span> <span class='ocrx_word' id='word_1_231' title='bbox 1840 3719 2075 3784; x_wconf 77' lang='lat' dir='ltr'><strong>similis</strong></span> <span class='ocrx_word' id='word_1_232' title='bbox 2134 3727 2396 3790; x_wconf 85' lang='lat' dir='ltr'><strong>mortuo</strong></span> <span class='ocrx_word' id='word_1_233' title='bbox 2434 3728 2687 3799; x_wconf 86' lang='lat' dir='ltr'><strong>jacebat,</strong></span> <span class='ocrx_word' id='word_1_234' title='bbox 2748 3729 2941 3786; x_wconf 87' lang='lat' dir='ltr'><strong>halitu</strong></span> 
     </span>
     <span class='ocr_line' id='line_1_30' title="bbox 834 3818 2943 3900; baseline 0.005 -15"><span class='ocrx_word' id='word_1_235' title='bbox 834 3818 1240 3886; x_wconf 88' lang='lat' dir='ltr'><strong>solummodo</strong></span> <span class='ocrx_word' id='word_1_236' title='bbox 1284 3829 1555 3900; x_wconf 80' lang='lat' dir='ltr'><strong>pertenui</strong></span> <span class='ocrx_word' id='word_1_237' title='bbox 1599 3820 1761 3885; x_wconf 85' lang='lat' dir='ltr'><strong>vitae</strong></span> <span class='ocrx_word' id='word_1_238' title='bbox 1829 3842 1898 3885; x_wconf 93' lang='lat' dir='ltr'><strong>se</strong></span> <span class='ocrx_word' id='word_1_239' title='bbox 1959 3821 2263 3889; x_wconf 87' lang='lat' dir='ltr'><strong>funditus</strong></span> <span class='ocrx_word' id='word_1_240' title='bbox 2325 3825 2737 3896; x_wconf 84' lang='lat' dir='ltr'><strong>subtractum</strong></span> <span class='ocrx_word' id='word_1_241' title='bbox 2803 3845 2943 3889; x_wconf 86' lang='lat' dir='ltr'><strong>non</strong></span> 
     </span>
    </p>
   </div>
   <div class='ocr_carea' id='block_1_8' title="bbox 830 3922 2938 4098">
    <p class='ocr_par' dir='ltr' id='par_1_9' title="bbox 830 3922 2938 4098">
     <span class='ocr_line' id='line_1_31' title="bbox 833 3922 2938 4008; baseline 0.001 -20"><span class='ocrx_word' id='word_1_242' title='bbox 833 3943 971 3988; x_wconf 82' lang='lat' dir='ltr'><strong>esse</strong></span> <span class='ocrx_word' id='word_1_243' title='bbox 1017 3922 1486 3988; x_wconf 85' lang='lat' dir='ltr'><strong>demonstrans.</strong></span> <span class='ocrx_word' id='word_1_244' title='bbox 1580 3929 1731 3986; x_wconf 85' lang='lat' dir='ltr'><strong>Cum</strong></span> <span class='ocrx_word' id='word_1_245' title='bbox 1778 3943 1936 3989; x_wconf 86' lang='lat' dir='ltr'><strong>vero</strong></span> <span class='ocrx_word' id='word_1_246' title='bbox 1987 3932 2075 3987; x_wconf 79' lang='lat' dir='ltr'><strong>ita</strong></span> <span class='ocrx_word' id='word_1_247' title='bbox 2125 3933 2251 3989; x_wconf 81' lang='lat' dir='ltr'><strong>sine</strong></span> <span class='ocrx_word' id='word_1_248' title='bbox 2300 3936 2431 3992; x_wconf 86' lang='lat' dir='ltr'><strong>eibo</strong></span> <span class='ocrx_word' id='word_1_249' title='bbox 2484 3943 2545 3993; x_wconf 80' lang='lat' dir='ltr'><strong>et</strong></span> <span class='ocrx_word' id='word_1_250' title='bbox 2594 3940 2759 4008; x_wconf 85' lang='lat' dir='ltr'><strong>potu,</strong></span> <span class='ocrx_word' id='word_1_251' title='bbox 2815 3936 2938 3990; x_wconf 80' lang='lat' dir='ltr'><strong>sine</strong></span> 
     </span>
     <span class='ocr_line' id='line_1_32' title="bbox 830 4022 2935 4098; baseline 0.002 -18"><span class='ocrx_word' id='word_1_252' title='bbox 830 4041 972 4080; x_wconf 80' lang='lat' dir='ltr'><strong>voce</strong></span> <span class='ocrx_word' id='word_1_253' title='bbox 1033 4030 1094 4080; x_wconf 92' lang='lat' dir='ltr'><strong>et</strong></span> <span class='ocrx_word' id='word_1_254' title='bbox 1147 4023 1375 4088; x_wconf 72' lang='lat' dir='ltr'><strong>auditu,</strong></span> <span class='ocrx_word' id='word_1_255' title='bbox 1429 4022 1740 4092; x_wconf 78' lang='lat' dir='ltr'><strong>quatriduo</strong></span> <span class='ocrx_word' id='word_1_256' title='bbox 1796 4031 2215 4094; x_wconf 81' lang='lat' dir='ltr'><strong>perseveraret,</strong></span> <span class='ocrx_word' id='word_1_257' title='bbox 2269 4027 2477 4098; x_wconf 89' lang='lat' dir='ltr'><strong>quinta</strong></span> <span class='ocrx_word' id='word_1_258' title='bbox 2535 4029 2772 4084; x_wconf 90' lang='lat' dir='ltr'><strong>demum</strong></span> <span class='ocrx_word' id='word_1_259' title='bbox 2817 4026 2935 4094; x_wconf 89' lang='lat' dir='ltr'><strong>die,</strong></span> 
     </span>
    </p>
   </div>
   <div class='ocr_carea' id='block_1_9' title="bbox 829 4106 3265 4599">
    <p class='ocr_par' dir='ltr' id='par_1_10' title="bbox 829 4106 3265 4599">
     <span class='ocr_line' id='line_1_33' title="bbox 831 4106 2938 4198; baseline 0.001 -25"><span class='ocrx_word' id='word_1_260' title='bbox 831 4129 982 4173; x_wconf 90' lang='lat' dir='ltr'><strong>cum</strong></span> <span class='ocrx_word' id='word_1_261' title='bbox 1019 4107 1162 4192; x_wconf 76' lang='lat' dir='ltr'><strong>Jam</strong></span> <span class='ocrx_word' id='word_1_262' title='bbox 1202 4107 1471 4193; x_wconf 89' lang='lat' dir='ltr'><strong>jamque</strong></span> <span class='ocrx_word' id='word_1_263' title='bbox 1516 4106 1874 4171; x_wconf 87' lang='lat' dir='ltr'><strong>moriturus</strong></span> <span class='ocrx_word' id='word_1_264' title='bbox 1918 4129 1961 4172; x_wconf 89' lang='lat' dir='ltr'><strong>a</strong></span> <span class='ocrx_word' id='word_1_265' title='bbox 2004 4108 2140 4174; x_wconf 88' lang='lat' dir='ltr'><strong>suis</strong></span> <span class='ocrx_word' id='word_1_266' title='bbox 2182 4109 2622 4198; x_wconf 82' lang='lat' dir='ltr'><strong>plangeretur,</strong></span> <span class='ocrx_word' id='word_1_267' title='bbox 2655 4111 2938 4178; x_wconf 80' lang='lat' dir='ltr'><strong>Sanctus</strong></span> 
     </span>
     <span class='ocr_line' id='line_1_34' title="bbox 832 4205 2936 4299; baseline 0.001 -26"><span class='ocrx_word' id='word_1_268' title='bbox 832 4207 1116 4275; x_wconf 84' lang='lat' dir='ltr'><strong>Michael</strong></span> <span class='ocrx_word' id='word_1_269' title='bbox 1189 4205 1619 4293; x_wconf 84' lang='lat' dir='ltr'><strong>archangelus</strong></span> <span class='ocrx_word' id='word_1_270' title='bbox 1694 4228 1736 4272; x_wconf 91' lang='lat' dir='ltr'><strong>a</strong></span> <span class='ocrx_word' id='word_1_271' title='bbox 1801 4208 2090 4274; x_wconf 88' lang='lat' dir='ltr'><strong>Domino</strong></span> <span class='ocrx_word' id='word_1_272' title='bbox 2178 4211 2491 4291; x_wconf 87' lang='lat' dir='ltr'><strong>mittitur,</strong></span> <span class='ocrx_word' id='word_1_273' title='bbox 2559 4233 2677 4299; x_wconf 91' lang='lat' dir='ltr'><strong>per</strong></span> <span class='ocrx_word' id='word_1_274' title='bbox 2739 4235 2936 4299; x_wconf 90' lang='lat' dir='ltr'><strong>quem</strong></span> 
     </span>
     <span class='ocr_line' id='line_1_35' title="bbox 830 4308 3265 4396; baseline 0 -20"><span class='ocrx_word' id='word_1_275' title='bbox 830 4310 1104 4376; x_wconf 79' lang='lat' dir='ltr'><strong>sanitati</strong></span> <span class='ocrx_word' id='word_1_276' title='bbox 1171 4308 1471 4396; x_wconf 74' lang='lat' dir='ltr'><strong>pristinae</strong></span> <span class='ocrx_word' id='word_1_277' title='bbox 1533 4310 1941 4376; x_wconf 79' lang='lat' dir='ltr'><strong>restituatur.</strong></span> <span class='ocrx_word' id='word_1_278' title='bbox 2066 4310 2189 4378; x_wconf 82' lang='lat' dir='ltr'><strong>Oui</strong></span> <span class='ocrx_word' id='word_1_279' title='bbox 2256 4327 2428 4394; x_wconf 88' lang='lat' dir='ltr'><strong>pater</strong></span> <span class='ocrx_word' id='word_1_280' title='bbox 2462 4323 2789 4389; x_wconf 86' lang='lat' dir='ltr'><strong>intendens,</strong></span> <span class='ocrx_word' id='word_1_281' title='bbox 2858 4335 2937 4380; x_wconf 81' lang='lat' dir='ltr'><strong>ac</strong></span> <span class='ocrx_word' id='word_1_282' title='bbox 2962 4321 3265 4389; x_wconf 77' lang='lat' dir='ltr'><strong>Fridegode,</strong></span> 
     </span>
     <span class='ocr_line' id='line_1_36' title="bbox 829 4391 3112 4498; baseline 0.003 -22"><span class='ocrx_word' id='word_1_283' title='bbox 829 4411 1019 4476; x_wconf 84' lang='lat' dir='ltr'><strong>velut</strong></span> <span class='ocrx_word' id='word_1_284' title='bbox 1062 4411 1310 4497; x_wconf 86' lang='lat' dir='ltr'><strong>optime</strong></span> <span class='ocrx_word' id='word_1_285' title='bbox 1369 4411 1632 4497; x_wconf 85' lang='lat' dir='ltr'><strong>cognito</strong></span> <span class='ocrx_word' id='word_1_286' title='bbox 1692 4431 1813 4498; x_wconf 90' lang='lat' dir='ltr'><strong>pro</strong></span> <span class='ocrx_word' id='word_1_287' title='bbox 1875 4432 2064 4498; x_wconf 89' lang='lat' dir='ltr'><strong>posse</strong></span> <span class='ocrx_word' id='word_1_288' title='bbox 2117 4434 2236 4479; x_wconf 88' lang='lat' dir='ltr'><strong>suo</strong></span> <span class='ocrx_word' id='word_1_289' title='bbox 2300 4414 2530 4480; x_wconf 86' lang='lat' dir='ltr'><strong>vultus</strong></span> <span class='ocrx_word' id='word_1_290' title='bbox 2592 4415 2936 4483; x_wconf 82' lang='lat' dir='ltr'><strong>alacritate</strong></span> <span class='ocrx_word' id='word_1_291' title='bbox 2967 4391 3112 4439; x_wconf 73' lang='lat'><strong>¹²⁴⁶·</strong></span> 
     </span>
     <span class='ocr_line' id='line_1_37' title="bbox 829 4511 2937 4599; baseline 0.004 -24"><span class='ocrx_word' id='word_1_292' title='bbox 829 4512 1224 4599; x_wconf 81' lang='lat' dir='ltr'><strong>aggaudens,</strong></span> <span class='ocrx_word' id='word_1_293' title='bbox 1271 4511 1515 4578; x_wconf 85' lang='lat' dir='ltr'><strong>tacitus</strong></span> <span class='ocrx_word' id='word_1_294' title='bbox 1572 4512 1850 4599; x_wconf 84' lang='lat' dir='ltr'><strong>jacebat,</strong></span> <span class='ocrx_word' id='word_1_295' title='bbox 1914 4514 2233 4599; x_wconf 88' lang='lat' dir='ltr'><strong>quidnam</strong></span> <span class='ocrx_word' id='word_1_296' title='bbox 2292 4515 2420 4580; x_wconf 90' lang='lat' dir='ltr'><strong>sibi</strong></span> <span class='ocrx_word' id='word_1_297' title='bbox 2475 4517 2688 4583; x_wconf 89' lang='lat' dir='ltr'><strong>dicere</strong></span> <span class='ocrx_word' id='word_1_298' title='bbox 2733 4517 2937 4583; x_wconf 86' lang='lat' dir='ltr'><strong>vellet</strong></span> 
     </span>
    </p>
   </div>
   <div class='ocr_carea' id='block_1_10' title="bbox 1421 4765 2234 4834">
    <p class='ocr_par' dir='ltr' id='par_1_11' title="bbox 1421 4765 2234 4834">
     <span class='ocr_line' id='line_1_38' title="bbox 1421 4765 2234 4834; baseline 0.006 -16"><span class='ocrx_word' id='word_1_299' title='bbox 1421 4811 1432 4818; x_wconf 60' lang='lat'><em>„</em></span> <span class='ocrx_word' id='word_1_300' title='bbox 1532 4765 1548 4798; x_wconf 85' lang='lat'><strong>¹</strong></span> <span class='ocrx_word' id='word_1_301' title='bbox 1584 4766 1822 4834; x_wconf 69' lang='grc' dir='ltr'><strong>Αειηαο]</strong></span> <span class='ocrx_word' id='word_1_302' title='bbox 1852 4769 2145 4834; x_wconf 55' lang='lat' dir='ltr'><strong>Quodn,</strong></span> <span class='ocrx_word' id='word_1_303' title='bbox 2166 4770 2234 4822; x_wconf 52' lang='lat' dir='ltr'><strong>a</strong></span> 
     </span>
    </p>
   </div>
  </div>
 </body>
</html>
