<?xml version="1.0" encoding="UTF-8"?>
<!DOCTYPE html PUBLIC "-//W3C//DTD XHTML 1.0 Transitional//EN"
    "http://www.w3.org/TR/xhtml1/DTD/xhtml1-transitional.dtd">
<html xmlns="http://www.w3.org/1999/xhtml" xml:lang="en" lang="en">
 <head>
  <title>
</title>
<meta http-equiv="Content-Type" content="text/html;charset=utf-8" />
  <meta name='ocr-system' content='tesseract 3.04.00' />
  <meta name='ocr-capabilities' content='ocr_page ocr_carea ocr_par ocr_line ocrx_word'/>
</head>
<body>
  <div class='ocr_page' id='page_1' title='image "./historianschurc01raingoog_0154.png"; bbox 0 0 3600 5800; ppageno 0'>
   <div class='ocr_carea' id='block_1_1' title="bbox 744 812 2334 892">
    <p class='ocr_par' dir='ltr' id='par_1_1' title="bbox 744 812 2334 892">
     <span class='ocr_line' id='line_1_1' title="bbox 744 812 2334 892; baseline -0.005 0"><span class='ocrx_word' id='word_1_1' title='bbox 744 812 751 819; x_wconf 79' lang='grc'><strong><em>’</em></strong></span> <span class='ocrx_word' id='word_1_2' title='bbox 833 822 916 892; x_wconf 86' lang='grc'><strong>76</strong></span> <span class='ocrx_word' id='word_1_3' title='bbox 1446 836 1612 887; x_wconf 74' lang='lat' dir='ltr'><strong>vm</strong></span> <span class='ocrx_word' id='word_1_4' title='bbox 1657 836 1985 885; x_wconf 68' lang='lat' dir='ltr'><strong>war-mm</strong></span> <span class='ocrx_word' id='word_1_5' title='bbox 2033 834 2334 886; x_wconf 72' lang='lat' dir='ltr'><strong>nrlscom</strong></span> 
     </span>
    </p>
   </div>
   <div class='ocr_carea' id='block_1_2' title="bbox 487 1018 2947 4497">
    <p class='ocr_par' dir='ltr' id='par_1_2' title="bbox 487 1018 2947 4497">
     <span class='ocr_line' id='line_1_2' title="bbox 830 1018 2947 1106; baseline 0 -19"><span class='ocrx_word' id='word_1_6' title='bbox 830 1021 1211 1088; x_wconf 85' lang='lat' dir='ltr'><strong>Wilfrithus</strong></span> <span class='ocrx_word' id='word_1_7' title='bbox 1272 1019 1630 1106; x_wconf 70' lang='lat' dir='ltr'><strong>episcopm,</strong></span> <span class='ocrx_word' id='word_1_8' title='bbox 1696 1025 1767 1085; x_wconf 88' lang='lat' dir='ltr'><strong>et</strong></span> <span class='ocrx_word' id='word_1_9' title='bbox 1811 1018 2222 1085; x_wconf 84' lang='lat' dir='ltr'><strong>venerabiles</strong></span> <span class='ocrx_word' id='word_1_10' title='bbox 2276 1018 2647 1105; x_wconf 85' lang='lat' dir='ltr'><strong>presbyteri</strong></span> <span class='ocrx_word' id='word_1_11' title='bbox 2694 1023 2765 1083; x_wconf 88' lang='lat' dir='ltr'><strong>et</strong></span> <span class='ocrx_word' id='word_1_12' title='bbox 2807 1018 2947 1087; x_wconf 83' lang='lat' dir='ltr'><strong>dia·</strong></span> 
     </span>
     <span class='ocr_line' id='line_1_3' title="bbox 829 1120 2944 1210; baseline -0.002 -22"><span class='ocrx_word' id='word_1_13' title='bbox 829 1144 1021 1188; x_wconf 85' lang='lat' dir='ltr'><strong>eones</strong></span> <span class='ocrx_word' id='word_1_14' title='bbox 1066 1123 1223 1209; x_wconf 87' lang='lat' dir='ltr'><strong>ejus,</strong></span> <span class='ocrx_word' id='word_1_15' title='bbox 1255 1121 1640 1208; x_wconf 70' lang='lat' dir='ltr'><strong>praesentati</strong></span> <span class='ocrx_word' id='word_1_16' title='bbox 1684 1126 1860 1199; x_wconf 89' lang='lat' dir='ltr'><strong>sunt,</strong></span> <span class='ocrx_word' id='word_1_17' title='bbox 1905 1120 2191 1187; x_wconf 79' lang='lat' dir='ltr'><strong>humiles</strong></span> <span class='ocrx_word' id='word_1_18' title='bbox 2236 1126 2306 1187; x_wconf 88' lang='lat' dir='ltr'><strong>et</strong></span> <span class='ocrx_word' id='word_1_19' title='bbox 2350 1120 2695 1210; x_wconf 88' lang='lat' dir='ltr'><strong>supplices,</strong></span> <span class='ocrx_word' id='word_1_20' title='bbox 2742 1120 2944 1185; x_wconf 90' lang='lat' dir='ltr'><strong>hono-</strong></span> 
     </span>
     <span class='ocr_line' id='line_1_4' title="bbox 828 1223 2942 1311; baseline -0.002 -19"><span class='ocrx_word' id='word_1_21' title='bbox 828 1227 1068 1292; x_wconf 87' lang='lat' dir='ltr'><strong>rabiles</strong></span> <span class='ocrx_word' id='word_1_22' title='bbox 1127 1225 1326 1292; x_wconf 82' lang='lat' dir='ltr'><strong>facies</strong></span> <span class='ocrx_word' id='word_1_23' title='bbox 1384 1225 1768 1311; x_wconf 58' lang='lat' dir='ltr'><strong>salutantes</strong></span> <span class='ocrx_word' id='word_1_24' title='bbox 1833 1224 2298 1310; x_wconf 70' lang='lat' dir='ltr'><strong>promittentes</strong></span> <span class='ocrx_word' id='word_1_25' title='bbox 2358 1245 2428 1289; x_wconf 89' lang='lat' dir='ltr'><strong>se</strong></span> <span class='ocrx_word' id='word_1_26' title='bbox 2489 1244 2640 1291; x_wconf 88' lang='lat' dir='ltr'><strong>cum</strong></span> <span class='ocrx_word' id='word_1_27' title='bbox 2701 1223 2942 1301; x_wconf 83' lang='lat' dir='ltr'><strong>intimo</strong></span> 
     </span>
     <span class='ocr_line' id='line_1_5' title="bbox 829 1326 2944 1414; baseline -0.001 -21"><span class='ocrx_word' id='word_1_28' title='bbox 829 1328 1040 1393; x_wconf 91' lang='lat' dir='ltr'><strong>cordis</strong></span> <span class='ocrx_word' id='word_1_29' title='bbox 1101 1327 1345 1395; x_wconf 85' lang='lat' dir='ltr'><strong>affectu</strong></span> <span class='ocrx_word' id='word_1_30' title='bbox 1387 1327 1568 1393; x_wconf 85' lang='lat' dir='ltr'><strong>illius</strong></span> <span class='ocrx_word' id='word_1_31' title='bbox 1612 1326 2013 1413; x_wconf 85' lang='lat' dir='ltr'><strong>Apostolicae</strong></span> <span class='ocrx_word' id='word_1_32' title='bbox 2059 1327 2234 1393; x_wconf 86' lang='lat' dir='ltr'><strong>sedis</strong></span> <span class='ocrx_word' id='word_1_33' title='bbox 2295 1327 2561 1394; x_wconf 87' lang='lat' dir='ltr'><strong>decreta</strong></span> <span class='ocrx_word' id='word_1_34' title='bbox 2618 1327 2944 1414; x_wconf 71' lang='lat' dir='ltr'><strong>suscipere</strong></span> 
     </span>
     <span class='ocr_line' id='line_1_6' title="bbox 827 1427 2941 1521; baseline 0.002 -25"><span class='ocrx_word' id='word_1_35' title='bbox 827 1436 899 1496; x_wconf 89' lang='lat' dir='ltr'><strong>et</strong></span> <span class='ocrx_word' id='word_1_36' title='bbox 955 1430 1327 1521; x_wconf 86' lang='lat' dir='ltr'><strong>adimplere.</strong></span> <span class='ocrx_word' id='word_1_37' title='bbox 1439 1431 1716 1497; x_wconf 82' lang='lat' dir='ltr'><strong>Necnon</strong></span> <span class='ocrx_word' id='word_1_38' title='bbox 1761 1435 1833 1496; x_wconf 91' lang='lat' dir='ltr'><strong>et</strong></span> <span class='ocrx_word' id='word_1_39' title='bbox 1892 1430 2104 1499; x_wconf 80' lang='lat' dir='ltr'><strong>sancti</strong></span> <span class='ocrx_word' id='word_1_40' title='bbox 2164 1429 2636 1516; x_wconf 87' lang='lat' dir='ltr'><strong>archiepiscopi</strong></span> <span class='ocrx_word' id='word_1_41' title='bbox 2699 1427 2941 1501; x_wconf 80' lang='lat' dir='ltr'><strong>nuntii,</strong></span> 
     </span>
     <span class='ocr_line' id='line_1_7' title="bbox 827 1531 2941 1620; baseline -0.001 -22"><span class='ocrx_word' id='word_1_42' title='bbox 827 1534 1187 1600; x_wconf 88' lang='lat' dir='ltr'><strong>secundum</strong></span> <span class='ocrx_word' id='word_1_43' title='bbox 1247 1539 1649 1620; x_wconf 73' lang='lat' dir='ltr'><strong>praeceptum</strong></span> <span class='ocrx_word' id='word_1_44' title='bbox 1709 1533 2272 1603; x_wconf 87' lang='lat' dir='ltr'><strong>sanctissimorum</strong></span> <span class='ocrx_word' id='word_1_45' title='bbox 2317 1533 2678 1611; x_wconf 85' lang='lat' dir='ltr'><strong>venientes,</strong></span> <span class='ocrx_word' id='word_1_46' title='bbox 2737 1531 2941 1598; x_wconf 90' lang='lat' dir='ltr'><strong>adsti-</strong></span> 
     </span>
     <span class='ocr_line' id='line_1_8' title="bbox 827 1636 2942 1724; baseline -0.001 -22"><span class='ocrx_word' id='word_1_47' title='bbox 827 1641 1091 1716; x_wconf 86' lang='lat' dir='ltr'><strong>terunt;</strong></span> <span class='ocrx_word' id='word_1_48' title='bbox 1154 1637 1396 1722; x_wconf 88' lang='lat' dir='ltr'><strong>quibus</strong></span> <span class='ocrx_word' id='word_1_49' title='bbox 1440 1637 1672 1703; x_wconf 90' lang='lat' dir='ltr'><strong>datum</strong></span> <span class='ocrx_word' id='word_1_50' title='bbox 1718 1642 1822 1703; x_wconf 89' lang='lat' dir='ltr'><strong>est</strong></span> <span class='ocrx_word' id='word_1_51' title='bbox 1882 1642 2145 1724; x_wconf 89' lang='lat' dir='ltr'><strong>tempus</strong></span> <span class='ocrx_word' id='word_1_52' title='bbox 2201 1636 2534 1723; x_wconf 89' lang='lat' dir='ltr'><strong>loquendi,</strong></span> <span class='ocrx_word' id='word_1_53' title='bbox 2579 1642 2660 1703; x_wconf 86' lang='lat' dir='ltr'><strong>ut</strong></span> <span class='ocrx_word' id='word_1_54' title='bbox 2703 1656 2942 1702; x_wconf 88' lang='lat' dir='ltr'><strong>unum-</strong></span> 
     </span>
     <span class='ocr_line' id='line_1_9' title="bbox 828 1738 2940 1853; baseline -0 -50"><span class='ocrx_word' id='word_1_55' title='bbox 828 1740 1264 1825; x_wconf 83' lang='lat' dir='ltr'><strong>quodcunque</strong></span> <span class='ocrx_word' id='word_1_56' title='bbox 1326 1739 1691 1825; x_wconf 88' lang='lat' dir='ltr'><strong>capitulum</strong></span> <span class='ocrx_word' id='word_1_57' title='bbox 1752 1738 2191 1807; x_wconf 86' lang='lat' dir='ltr'><strong>accusationis</strong></span> <span class='ocrx_word' id='word_1_58' title='bbox 2252 1738 2588 1825; x_wconf 85' lang='lat' dir='ltr'><strong>eligerent,</strong></span> <span class='ocrx_word' id='word_1_59' title='bbox 2653 1738 2940 1853; x_wconf 84' lang='lat' dir='ltr'><strong>primum</strong></span> 
     </span>
     <span class='ocr_line' id='line_1_10' title="bbox 826 1841 2941 1928; baseline -0.002 -19"><span class='ocrx_word' id='word_1_60' title='bbox 826 1842 1177 1909; x_wconf 85' lang='lat' dir='ltr'><strong>adversum</strong></span> <span class='ocrx_word' id='word_1_61' title='bbox 1228 1863 1348 1909; x_wconf 91' lang='lat' dir='ltr'><strong>nos</strong></span> <span class='ocrx_word' id='word_1_62' title='bbox 1392 1842 1723 1922; x_wconf 83' lang='lat' dir='ltr'><strong>dicerent3</strong></span> <span class='ocrx_word' id='word_1_63' title='bbox 1783 1847 2013 1928; x_wconf 86' lang='lat' dir='ltr'><strong>postea</strong></span> <span class='ocrx_word' id='word_1_64' title='bbox 2073 1841 2161 1910; x_wconf 90' lang='lat' dir='ltr'><strong>ad</strong></span> <span class='ocrx_word' id='word_1_65' title='bbox 2223 1842 2359 1909; x_wconf 87' lang='lat' dir='ltr'><strong>alia</strong></span> <span class='ocrx_word' id='word_1_66' title='bbox 2421 1842 2805 1909; x_wconf 75' lang='lat' dir='ltr'><strong>ordinantes</strong></span> <span class='ocrx_word' id='word_1_67' title='bbox 2851 1841 2941 1905; x_wconf 90' lang='lat' dir='ltr'><strong>in</strong></span> 
     </span>
     <span class='ocr_line' id='line_1_11' title="bbox 828 1945 1579 2013; baseline -0.001 -1"><span class='ocrx_word' id='word_1_68' title='bbox 828 1945 1136 2012; x_wconf 89' lang='lat' dir='ltr'><strong>conflictu</strong></span> <span class='ocrx_word' id='word_1_69' title='bbox 1180 1945 1579 2013; x_wconf 70' lang='lat' dir='ltr'><strong>accederent.</strong></span> 
     </span>
     <span class='ocr_line' id='line_1_12' title="bbox 490 2045 2939 2133; baseline -0.002 -18"><span class='ocrx_word' id='word_1_70' title='bbox 490 2064 761 2116; x_wconf 76' lang='lat' dir='ltr'><strong>wilfridi</strong></span> <span class='ocrx_word' id='word_1_71' title='bbox 917 2047 1050 2127; x_wconf 83' lang='lat' dir='ltr'><strong>Qui</strong></span> <span class='ocrx_word' id='word_1_72' title='bbox 1112 2047 1591 2133; x_wconf 84' lang='lat' dir='ltr'><strong>responderunt</strong></span> <span class='ocrx_word' id='word_1_73' title='bbox 1653 2045 1963 2125; x_wconf 82' lang='lat' dir='ltr'><strong>dicentes,</strong></span> <span class='ocrx_word' id='word_1_74' title='bbox 2032 2045 2231 2113; x_wconf 90' lang='lat' dir='ltr'><strong>“Hoc</strong></span> <span class='ocrx_word' id='word_1_75' title='bbox 2274 2051 2378 2113; x_wconf 92' lang='lat' dir='ltr'><strong>est</strong></span> <span class='ocrx_word' id='word_1_76' title='bbox 2430 2046 2718 2133; x_wconf 88' lang='lat' dir='ltr'><strong>primum</strong></span> <span class='ocrx_word' id='word_1_77' title='bbox 2763 2045 2939 2133; x_wconf 89' lang='lat' dir='ltr'><strong>capi-</strong></span> 
     </span>
     <span class='ocr_line' id='line_1_13' title="bbox 490 2132 2938 2314; baseline -0.002 -98"><span class='ocrx_word' id='word_1_78' title='bbox 490 2132 724 2314; x_wconf 54' lang='grc' dir='ltr'><strong>ξξξξέἕξ</strong></span> <span class='ocrx_word' id='word_1_79' title='bbox 829 2159 860 2185; x_wconf 90' lang='lat'><strong>“</strong></span> <span class='ocrx_word' id='word_1_80' title='bbox 908 2150 1125 2221; x_wconf 87' lang='lat' dir='ltr'><strong>tulum</strong></span> <span class='ocrx_word' id='word_1_81' title='bbox 1170 2156 1414 2217; x_wconf 67' lang='lat' dir='ltr'><strong>nostrae</strong></span> <span class='ocrx_word' id='word_1_82' title='bbox 1458 2149 1909 2227; x_wconf 77' lang='lat' dir='ltr'><strong>accusationis,</strong></span> <span class='ocrx_word' id='word_1_83' title='bbox 1955 2150 2135 2236; x_wconf 89' lang='lat' dir='ltr'><strong>quod</strong></span> <span class='ocrx_word' id='word_1_84' title='bbox 2179 2150 2305 2216; x_wconf 89' lang='lat' dir='ltr'><strong>iste</strong></span> <span class='ocrx_word' id='word_1_85' title='bbox 2321 2171 2642 2236; x_wconf 63' lang='lat' dir='ltr'><strong>‘praesens</strong></span> <span class='ocrx_word' id='word_1_86' title='bbox 2686 2148 2938 2217; x_wconf 89' lang='lat' dir='ltr'><strong>Wilfri-</strong></span> 
     </span>
     <span class='ocr_line' id='line_1_14' title="bbox 488 2250 2939 2339; baseline 0 -24"><span class='ocrx_word' id='word_1_87' title='bbox 488 2265 591 2328; x_wconf 77' lang='lat' dir='ltr'><strong>sisp</strong></span> <span class='ocrx_word' id='word_1_88' title='bbox 594 2282 681 2333; x_wconf 83' lang='lat' dir='ltr'><strong>mg</strong></span> <span class='ocrx_word' id='word_1_89' title='bbox 702 2267 787 2316; x_wconf 78' lang='lat' dir='ltr'><strong>the</strong></span> <span class='ocrx_word' id='word_1_90' title='bbox 829 2251 1063 2321; x_wconf 84' lang='lat' dir='ltr'><strong>“thus</strong></span> <span class='ocrx_word' id='word_1_91' title='bbox 1109 2252 1451 2338; x_wconf 88' lang='lat' dir='ltr'><strong>episcopus</strong></span> <span class='ocrx_word' id='word_1_92' title='bbox 1485 2251 1743 2339; x_wconf 88' lang='lat' dir='ltr'><strong>judicia</strong></span> <span class='ocrx_word' id='word_1_93' title='bbox 1770 2251 1988 2321; x_wconf 83' lang='lat' dir='ltr'><strong>sancti</strong></span> <span class='ocrx_word' id='word_1_94' title='bbox 2023 2251 2498 2339; x_wconf 86' lang='lat' dir='ltr'><strong>archiepiscopi</strong></span> <span class='ocrx_word' id='word_1_95' title='bbox 2528 2250 2939 2318; x_wconf 83' lang='lat' dir='ltr'><strong>Berhtwaldi</strong></span> 
     </span>
     <span class='ocr_line' id='line_1_15' title="bbox 488 2335 2941 2450; baseline -0.001 -28"><span class='ocrx_word' id='word_1_96' title='bbox 488 2335 790 2450; x_wconf 51' lang='lat' dir='ltr'><strong>‘ffihssssafg</strong></span> <span class='ocrx_word' id='word_1_97' title='bbox 830 2364 861 2389; x_wconf 91' lang='lat'><strong>“</strong></span> <span class='ocrx_word' id='word_1_98' title='bbox 908 2356 1418 2422; x_wconf 73' lang='lat' dir='ltr'><strong>Cantus-riorum</strong></span> <span class='ocrx_word' id='word_1_99' title='bbox 1479 2354 1763 2422; x_wconf 72' lang='lat' dir='ltr'><strong>ecelesiae</strong></span> <span class='ocrx_word' id='word_1_100' title='bbox 1810 2360 1880 2420; x_wconf 89' lang='lat' dir='ltr'><strong>et</strong></span> <span class='ocrx_word' id='word_1_101' title='bbox 1945 2355 2154 2420; x_wconf 88' lang='lat' dir='ltr'><strong>totius</strong></span> <span class='ocrx_word' id='word_1_102' title='bbox 2217 2354 2635 2431; x_wconf 73' lang='lat' dir='ltr'><strong>Brittanniae,</strong></span> <span class='ocrx_word' id='word_1_103' title='bbox 2680 2355 2767 2420; x_wconf 87' lang='lat' dir='ltr'><strong>ab</strong></span> <span class='ocrx_word' id='word_1_104' title='bbox 2817 2350 2941 2420; x_wconf 90' lang='lat' dir='ltr'><strong>hac</strong></span> 
     </span>
     <span class='ocr_line' id='line_1_16' title="bbox 829 2438 2938 2543; baseline -0 -21.991"><span class='ocrx_word' id='word_1_105' title='bbox 829 2467 861 2492; x_wconf 87' lang='lat'>“</span> <span class='ocrx_word' id='word_1_106' title='bbox 906 2456 1288 2543; x_wconf 85' lang='lat' dir='ltr'><strong>Apostolica</strong></span> <span class='ocrx_word' id='word_1_107' title='bbox 1347 2457 1499 2525; x_wconf 88' lang='lat' dir='ltr'><strong>sede</strong></span> <span class='ocrx_word' id='word_1_108' title='bbox 1561 2457 1798 2534; x_wconf 86' lang='lat' dir='ltr'><strong>emissi,</strong></span> <span class='ocrx_word' id='word_1_109' title='bbox 1847 2438 2104 2523; x_wconf 74' lang='lat' dir='ltr'><strong>statuta</strong></span> <span class='ocrx_word' id='word_1_110' title='bbox 2145 2479 2364 2525; x_wconf 87' lang='lat' dir='ltr'><strong>coram</strong></span> <span class='ocrx_word' id='word_1_111' title='bbox 2408 2456 2664 2543; x_wconf 83' lang='lat' dir='ltr'><strong>synodo</strong></span> <span class='ocrx_word' id='word_1_112' title='bbox 2707 2461 2938 2525; x_wconf 89' lang='lat' dir='ltr'><strong>contu-</strong></span> 
     </span>
     <span class='ocr_line' id='line_1_17' title="bbox 830 2560 2937 2646; baseline 0 -22"><span class='ocrx_word' id='word_1_113' title='bbox 830 2569 860 2595; x_wconf 90' lang='lat'>“</span> <span class='ocrx_word' id='word_1_114' title='bbox 907 2560 1179 2626; x_wconf 87' lang='lat' dir='ltr'><strong>maciter</strong></span> <span class='ocrx_word' id='word_1_115' title='bbox 1222 2581 1504 2625; x_wconf 89' lang='lat' dir='ltr'><strong>renuens</strong></span> <span class='ocrx_word' id='word_1_116' title='bbox 1547 2560 1961 2645; x_wconf 69' lang='lat' dir='ltr'><strong>contempsit</strong></span> <span class='ocrx_word' id='word_1_117' title='bbox 2064 2560 2206 2626; x_wconf 86' lang='lat' dir='ltr'><strong>Nos</strong></span> <span class='ocrx_word' id='word_1_118' title='bbox 2250 2566 2495 2626; x_wconf 73' lang='lat' dir='ltr'><strong>nostrae</strong></span> <span class='ocrx_word' id='word_1_119' title='bbox 2541 2560 2747 2646; x_wconf 85' lang='lat' dir='ltr'><strong>partis</strong></span> <span class='ocrx_word' id='word_1_120' title='bbox 2793 2580 2937 2625; x_wconf 89' lang='lat' dir='ltr'><strong>sen-</strong></span> 
     </span>
     <span class='ocr_line' id='line_1_18' title="bbox 829 2662 2900 2743; baseline -0.001 -14"><span class='ocrx_word' id='word_1_121' title='bbox 829 2674 858 2698; x_wconf 92' lang='lat'>“</span> <span class='ocrx_word' id='word_1_122' title='bbox 906 2662 1185 2729; x_wconf 87' lang='lat' dir='ltr'><strong>tentiam</strong></span> <span class='ocrx_word' id='word_1_123' title='bbox 1230 2662 1605 2743; x_wconf 75' lang='lat' dir='ltr'><strong>detulimus,</strong></span> <span class='ocrx_word' id='word_1_124' title='bbox 1652 2684 1770 2728; x_wconf 85' lang='lat' dir='ltr'><strong>vos</strong></span> <span class='ocrx_word' id='word_1_125' title='bbox 1818 2668 2106 2728; x_wconf 87' lang='lat' dir='ltr'><strong>vestram</strong></span> <span class='ocrx_word' id='word_1_126' title='bbox 2152 2662 2599 2730; x_wconf 89' lang='lat' dir='ltr'><strong>defensionem</strong></span> <span class='ocrx_word' id='word_1_127' title='bbox 2647 2662 2900 2731; x_wconf 60' lang='lat' dir='ltr'><strong>diciteff’</strong></span> 
     </span>
     <span class='ocr_line' id='line_1_19' title="bbox 489 2764 2935 2883; baseline -0.002 -48"><span class='ocrx_word' id='word_1_128' title='bbox 489 2780 571 2835; x_wconf 79' lang='lat' dir='ltr'><strong>wi</strong></span> <span class='ocrx_word' id='word_1_129' title='bbox 578 2784 749 2836; x_wconf 77' lang='lat' dir='ltr'><strong>lfrid-</strong></span> <span class='ocrx_word' id='word_1_130' title='bbox 916 2766 1116 2831; x_wconf 83' lang='lat' dir='ltr'><strong>Stans</strong></span> <span class='ocrx_word' id='word_1_131' title='bbox 1192 2766 1416 2882; x_wconf 81' lang='lat' dir='ltr'><strong>itaque</strong></span> <span class='ocrx_word' id='word_1_132' title='bbox 1481 2764 1764 2831; x_wconf 82' lang='lat' dir='ltr'><strong>Sanctus</strong></span> <span class='ocrx_word' id='word_1_133' title='bbox 1849 2764 2229 2832; x_wconf 87' lang='lat' dir='ltr'><strong>Wilfrithus</strong></span> <span class='ocrx_word' id='word_1_134' title='bbox 2293 2765 2634 2883; x_wconf 78' lang='lat' dir='ltr'><strong>episcopus</strong></span> <span class='ocrx_word' id='word_1_135' title='bbox 2699 2770 2935 2842; x_wconf 87' lang='lat' dir='ltr'><strong>noster,</strong></span> 
     </span>
     <span class='ocr_line' id='line_1_20' title="bbox 488 2854 2931 2971; baseline -0 -35"><span class='ocrx_word' id='word_1_136' title='bbox 488 2854 708 2971; x_wconf 41' lang='lat' dir='ltr'><strong>alme.</strong></span> <span class='ocrx_word' id='word_1_137' title='bbox 639 2854 767 2905; x_wconf 67' lang='lat'>³¹¹¹⁸</span> <span class='ocrx_word' id='word_1_138' title='bbox 824 2869 1193 2938; x_wconf 71' lang='lat' dir='ltr'><strong>honorabili</strong></span> <span class='ocrx_word' id='word_1_139' title='bbox 1237 2868 1420 2935; x_wconf 90' lang='lat' dir='ltr'><strong>senio</strong></span> <span class='ocrx_word' id='word_1_140' title='bbox 1463 2873 1833 2948; x_wconf 87' lang='lat' dir='ltr'><strong>convectus,</strong></span> <span class='ocrx_word' id='word_1_141' title='bbox 1879 2888 2030 2936; x_wconf 89' lang='lat' dir='ltr'><strong>cum</strong></span> <span class='ocrx_word' id='word_1_142' title='bbox 2093 2869 2411 2937; x_wconf 81' lang='lat' dir='ltr'><strong>fratribus</strong></span> <span class='ocrx_word' id='word_1_143' title='bbox 2473 2870 2614 2936; x_wconf 88' lang='lat' dir='ltr'><strong>suis</strong></span> <span class='ocrx_word' id='word_1_144' title='bbox 2659 2890 2931 2936; x_wconf 85' lang='lat' dir='ltr'><strong>venera-</strong></span> 
     </span>
     <span class='ocr_line' id='line_1_21' title="bbox 487 2973 2933 3068; baseline -0.001 -27"><span class='ocrx_word' id='word_1_145' title='bbox 487 3002 625 3053; x_wconf 77' lang='lat' dir='ltr'><strong>Hiss</strong></span> <span class='ocrx_word' id='word_1_146' title='bbox 602 3005 800 3068; x_wconf 78' lang='lat' dir='ltr'><strong>s.peech</strong></span> <span class='ocrx_word' id='word_1_147' title='bbox 824 2975 1069 3041; x_wconf 90' lang='lat' dir='ltr'><strong>bilibus</strong></span> <span class='ocrx_word' id='word_1_148' title='bbox 1114 2974 1186 3039; x_wconf 91' lang='lat' dir='ltr'><strong>in</strong></span> <span class='ocrx_word' id='word_1_149' title='bbox 1229 2979 1581 3059; x_wconf 88' lang='lat' dir='ltr'><strong>conspectu</strong></span> <span class='ocrx_word' id='word_1_150' title='bbox 1626 2973 1833 3038; x_wconf 86' lang='lat' dir='ltr'><strong>totius</strong></span> <span class='ocrx_word' id='word_1_151' title='bbox 1878 2974 2418 3060; x_wconf 83' lang='lat' dir='ltr'><strong>congregationis,</strong></span> <span class='ocrx_word' id='word_1_152' title='bbox 2466 2974 2679 3040; x_wconf 84' lang='lat' dir='ltr'><strong>dixit:</strong></span> <span class='ocrx_word' id='word_1_153' title='bbox 2730 2973 2933 3038; x_wconf 89' lang='lat' dir='ltr'><strong>“Hu-</strong></span> 
     </span>
     <span class='ocr_line' id='line_1_22' title="bbox 847 3075 2934 3163; baseline 0 -22"><span class='ocrx_word' id='word_1_154' title='bbox 847 3077 1081 3141; x_wconf 86' lang='lat' dir='ltr'><strong>milis</strong></span> <span class='ocrx_word' id='word_1_155' title='bbox 1111 3081 1182 3142; x_wconf 89' lang='lat' dir='ltr'><strong>et</strong></span> <span class='ocrx_word' id='word_1_156' title='bbox 1215 3075 1497 3163; x_wconf 85' lang='lat' dir='ltr'><strong>supplex</strong></span> <span class='ocrx_word' id='word_1_157' title='bbox 1526 3075 2144 3144; x_wconf 83' lang='lat' dir='ltr'><strong>excellentissimam</strong></span> <span class='ocrx_word' id='word_1_158' title='bbox 2190 3077 2614 3144; x_wconf 84' lang='lat' dir='ltr'><strong>sanctitatem</strong></span> <span class='ocrx_word' id='word_1_159' title='bbox 2647 3081 2934 3142; x_wconf 86' lang='lat' dir='ltr'><strong>vestram</strong></span> 
     </span>
     <span class='ocr_line' id='line_1_23' title="bbox 827 3177 2934 3266; baseline 0 -22"><span class='ocrx_word' id='word_1_160' title='bbox 827 3189 860 3214; x_wconf 92' lang='lat'><strong>“</strong></span> <span class='ocrx_word' id='word_1_161' title='bbox 904 3180 1226 3265; x_wconf 89' lang='lat' dir='ltr'><strong>deprecor,</strong></span> <span class='ocrx_word' id='word_1_162' title='bbox 1304 3184 1383 3243; x_wconf 75' lang='lat' dir='ltr'><strong>ut</strong></span> <span class='ocrx_word' id='word_1_163' title='bbox 1457 3201 1619 3245; x_wconf 84' lang='lat' dir='ltr'><strong>meae</strong></span> <span class='ocrx_word' id='word_1_164' title='bbox 1699 3177 2055 3266; x_wconf 86' lang='lat' dir='ltr'><strong>parvitatis</strong></span> <span class='ocrx_word' id='word_1_165' title='bbox 2133 3179 2500 3265; x_wconf 85' lang='lat' dir='ltr'><strong>dignemini</strong></span> <span class='ocrx_word' id='word_1_166' title='bbox 2579 3179 2934 3245; x_wconf 88' lang='lat' dir='ltr'><strong>veritatem</strong></span> 
     </span>
     <span class='ocr_line' id='line_1_24' title="bbox 825 3281 2934 3368; baseline -0.001 -20"><span class='ocrx_word' id='word_1_167' title='bbox 825 3293 857 3318; x_wconf 92' lang='lat'><strong>“</strong></span> <span class='ocrx_word' id='word_1_168' title='bbox 903 3282 1102 3368; x_wconf 86' lang='lat' dir='ltr'><strong>hujus</strong></span> <span class='ocrx_word' id='word_1_169' title='bbox 1146 3282 1240 3347; x_wconf 89' lang='lat' dir='ltr'><strong>rei</strong></span> <span class='ocrx_word' id='word_1_170' title='bbox 1275 3286 1479 3367; x_wconf 86' lang='lat' dir='ltr'><strong>gestae</strong></span> <span class='ocrx_word' id='word_1_171' title='bbox 1522 3304 1567 3348; x_wconf 90' lang='lat' dir='ltr'><strong>a</strong></span> <span class='ocrx_word' id='word_1_172' title='bbox 1607 3304 1713 3347; x_wconf 90' lang='lat' dir='ltr'><strong>me</strong></span> <span class='ocrx_word' id='word_1_173' title='bbox 1756 3281 2003 3349; x_wconf 87' lang='lat' dir='ltr'><strong>audire.</strong></span> <span class='ocrx_word' id='word_1_174' title='bbox 2099 3282 2298 3348; x_wconf 81' lang='lat' dir='ltr'><strong>Eram</strong></span> <span class='ocrx_word' id='word_1_175' title='bbox 2333 3282 2512 3347; x_wconf 91' lang='lat' dir='ltr'><strong>enim</strong></span> <span class='ocrx_word' id='word_1_176' title='bbox 2557 3283 2630 3347; x_wconf 94' lang='lat' dir='ltr'><strong>in</strong></span> <span class='ocrx_word' id='word_1_177' title='bbox 2659 3281 2934 3352; x_wconf 86' lang='lat' dir='ltr'><strong>concilio</strong></span> 
     </span>
     <span class='ocr_line' id='line_1_25' title="bbox 826 3385 2935 3472; baseline -0.001 -21"><span class='ocrx_word' id='word_1_178' title='bbox 826 3396 857 3420; x_wconf 90' lang='lat'><strong>“</strong></span> <span class='ocrx_word' id='word_1_179' title='bbox 903 3387 1133 3451; x_wconf 88' lang='lat' dir='ltr'><strong>sedens</strong></span> <span class='ocrx_word' id='word_1_180' title='bbox 1177 3407 1326 3454; x_wconf 91' lang='lat' dir='ltr'><strong>cum</strong></span> <span class='ocrx_word' id='word_1_181' title='bbox 1370 3385 1722 3451; x_wconf 86' lang='lat' dir='ltr'><strong>abbatibus</strong></span> <span class='ocrx_word' id='word_1_182' title='bbox 1767 3385 1930 3451; x_wconf 89' lang='lat' dir='ltr'><strong>meis</strong></span> <span class='ocrx_word' id='word_1_183' title='bbox 1974 3407 2052 3453; x_wconf 88' lang='lat' dir='ltr'><strong>ac</strong></span> <span class='ocrx_word' id='word_1_184' title='bbox 2096 3385 2516 3472; x_wconf 60' lang='lat' dir='ltr'><strong>presbyteris</strong></span> <span class='ocrx_word' id='word_1_185' title='bbox 2564 3406 2820 3453; x_wconf 87' lang='lat' dir='ltr'><strong>necnon</strong></span> <span class='ocrx_word' id='word_1_186' title='bbox 2865 3390 2935 3449; x_wconf 91' lang='lat' dir='ltr'><strong>et</strong></span> 
     </span>
     <span class='ocr_line' id='line_1_26' title="bbox 826 3487 2932 3575; baseline 0 -22"><span class='ocrx_word' id='word_1_187' title='bbox 826 3499 855 3522; x_wconf 88' lang='lat'><strong>“</strong></span> <span class='ocrx_word' id='word_1_188' title='bbox 904 3488 1321 3556; x_wconf 83' lang='lat' dir='ltr'><strong>diaconibus:</strong></span> <span class='ocrx_word' id='word_1_189' title='bbox 1381 3509 1588 3553; x_wconf 90' lang='lat' dir='ltr'><strong>unum</strong></span> <span class='ocrx_word' id='word_1_190' title='bbox 1634 3510 1721 3552; x_wconf 87' lang='lat' dir='ltr'><strong>ex</strong></span> <span class='ocrx_word' id='word_1_191' title='bbox 1778 3509 2053 3554; x_wconf 91' lang='lat' dir='ltr'><strong>numero</strong></span> <span class='ocrx_word' id='word_1_192' title='bbox 2100 3488 2564 3575; x_wconf 86' lang='lat' dir='ltr'><strong>episcoporum·</strong></span> <span class='ocrx_word' id='word_1_193' title='bbox 2598 3487 2738 3556; x_wconf 87' lang='lat' dir='ltr'><strong>illic</strong></span> <span class='ocrx_word' id='word_1_194' title='bbox 2781 3509 2932 3554; x_wconf 80' lang='lat' dir='ltr'><strong>con-</strong></span> 
     </span>
     <span class='ocr_line' id='line_1_27' title="bbox 825 3590 2931 3679; baseline 0 -25"><span class='ocrx_word' id='word_1_195' title='bbox 825 3601 853 3624; x_wconf 89' lang='lat'><strong>“</strong></span> <span class='ocrx_word' id='word_1_196' title='bbox 898 3596 1316 3676; x_wconf 84' lang='lat' dir='ltr'><strong>gregatorum</strong></span> <span class='ocrx_word' id='word_1_197' title='bbox 1382 3590 1706 3654; x_wconf 90' lang='lat' dir='ltr'><strong>miserunt</strong></span> <span class='ocrx_word' id='word_1_198' title='bbox 1766 3590 1855 3655; x_wconf 90' lang='lat' dir='ltr'><strong>ad</strong></span> <span class='ocrx_word' id='word_1_199' title='bbox 1918 3612 2041 3668; x_wconf 89' lang='lat' dir='ltr'><strong>me,</strong></span> <span class='ocrx_word' id='word_1_200' title='bbox 2106 3590 2623 3679; x_wconf 83' lang='lat' dir='ltr'><strong>interrogantem</strong></span> <span class='ocrx_word' id='word_1_201' title='bbox 2693 3612 2931 3656; x_wconf 83' lang='lat' dir='ltr'><strong>sermo·</strong></span> 
     </span>
     <span class='ocr_line' id='line_1_28' title="bbox 823 3691 2932 3781; baseline 0 -24"><span class='ocrx_word' id='word_1_202' title='bbox 823 3702 855 3726; x_wconf 90' lang='lat'><strong>“</strong></span> <span class='ocrx_word' id='word_1_203' title='bbox 900 3692 1097 3757; x_wconf 89' lang='lat' dir='ltr'><strong>nibus</strong></span> <span class='ocrx_word' id='word_1_204' title='bbox 1159 3691 1345 3778; x_wconf 75' lang='lat' dir='ltr'><strong>regie,</strong></span> <span class='ocrx_word' id='word_1_205' title='bbox 1410 3713 1532 3758; x_wconf 87' lang='lat' dir='ltr'><strong>nec</strong></span> <span class='ocrx_word' id='word_1_206' title='bbox 1597 3692 1818 3756; x_wconf 89' lang='lat' dir='ltr'><strong>minus</strong></span> <span class='ocrx_word' id='word_1_207' title='bbox 1887 3698 1956 3759; x_wconf 85' lang='lat' dir='ltr'><strong>et</strong></span> <span class='ocrx_word' id='word_1_208' title='bbox 2029 3692 2524 3781; x_wconf 76' lang='lat' dir='ltr'><strong>archiepiscopi,</strong></span> <span class='ocrx_word' id='word_1_209' title='bbox 2590 3693 2649 3758; x_wconf 85' lang='lat' dir='ltr'><strong>si</strong></span> <span class='ocrx_word' id='word_1_210' title='bbox 2725 3692 2932 3781; x_wconf 87' lang='lat' dir='ltr'><strong>ipsius</strong></span> 
     </span>
     <span class='ocr_line' id='line_1_29' title="bbox 823 3793 2935 3882; baseline 0 -22"><span class='ocrx_word' id='word_1_211' title='bbox 823 3805 855 3830; x_wconf 90' lang='lat'>“</span> <span class='ocrx_word' id='word_1_212' title='bbox 900 3794 1306 3861; x_wconf 88' lang='lat' dir='ltr'><strong>solummodo</strong></span> <span class='ocrx_word' id='word_1_213' title='bbox 1334 3793 1806 3881; x_wconf 85' lang='lat' dir='ltr'><strong>archiepiscopi</strong></span> <span class='ocrx_word' id='word_1_214' title='bbox 1842 3794 2097 3882; x_wconf 88' lang='lat' dir='ltr'><strong>judicio</strong></span> <span class='ocrx_word' id='word_1_215' title='bbox 2128 3796 2498 3863; x_wconf 89' lang='lat' dir='ltr'><strong>consentire</strong></span> <span class='ocrx_word' id='word_1_216' title='bbox 2542 3795 2935 3876; x_wconf 81' lang='lat' dir='ltr'><strong>voluissem3</strong></span> 
     </span>
     <span class='ocr_line' id='line_1_30' title="bbox 823 3891 2934 3985; baseline 0 -22"><span class='ocrx_word' id='word_1_217' title='bbox 823 3909 855 3933; x_wconf 87' lang='lat'><strong>“</strong></span> <span class='ocrx_word' id='word_1_218' title='bbox 902 3904 971 3963; x_wconf 90' lang='lat' dir='ltr'><strong>et</strong></span> <span class='ocrx_word' id='word_1_219' title='bbox 1033 3891 1348 3984; x_wconf 60' lang='lat' dir='ltr'><strong>quicquid</strong></span> <span class='ocrx_word' id='word_1_220' title='bbox 1426 3896 1538 3962; x_wconf 88' lang='lat' dir='ltr'><strong>ille</strong></span> <span class='ocrx_word' id='word_1_221' title='bbox 1596 3896 1960 3982; x_wconf 86' lang='lat' dir='ltr'><strong>judicando</strong></span> <span class='ocrx_word' id='word_1_222' title='bbox 2023 3897 2437 3978; x_wconf 84' lang='lat' dir='ltr'><strong>decrevisset,</strong></span> <span class='ocrx_word' id='word_1_223' title='bbox 2504 3919 2593 3965; x_wconf 88' lang='lat' dir='ltr'><strong>an</strong></span> <span class='ocrx_word' id='word_1_224' title='bbox 2662 3904 2934 3985; x_wconf 87' lang='lat' dir='ltr'><strong>paratus</strong></span> 
     </span>
     <span class='ocr_line' id='line_1_31' title="bbox 824 3998 2931 4085; baseline -0 -19"><span class='ocrx_word' id='word_1_225' title='bbox 824 4011 855 4036; x_wconf 88' lang='lat'><em>“</em></span> <span class='ocrx_word' id='word_1_226' title='bbox 901 3999 1170 4066; x_wconf 83' lang='lat' dir='ltr'><strong>fuissem</strong></span> <span class='ocrx_word' id='word_1_227' title='bbox 1215 3998 1573 4085; x_wconf 89' lang='lat' dir='ltr'><strong>adimplere</strong></span> <span class='ocrx_word' id='word_1_228' title='bbox 1620 3999 1926 4065; x_wconf 89' lang='lat' dir='ltr'><strong>omnibus</strong></span> <span class='ocrx_word' id='word_1_229' title='bbox 1956 4001 2150 4080; x_wconf 69' lang='lat' dir='ltr'><strong>votis,</strong></span> <span class='ocrx_word' id='word_1_230' title='bbox 2198 4024 2424 4069; x_wconf 87' lang='lat' dir='ltr'><strong>annon</strong></span> <span class='ocrx_word' id='word_1_231' title='bbox 2458 4007 2484 4067; x_wconf 72' lang='grc' dir='ltr'><strong>’ἔ</strong></span> <span class='ocrx_word' id='word_1_232' title='bbox 2573 4000 2684 4066; x_wconf 89' lang='lat' dir='ltr'><strong>Ad</strong></span> <span class='ocrx_word' id='word_1_233' title='bbox 2714 3999 2931 4066; x_wconf 86' lang='lat' dir='ltr'><strong>istud¹</strong></span> 
     </span>
     <span class='ocr_line' id='line_1_32' title="bbox 825 4102 2931 4189; baseline -0.001 -21"><span class='ocrx_word' id='word_1_234' title='bbox 825 4115 856 4140; x_wconf 78' lang='lat'><strong>‘⁶</strong></span> <span class='ocrx_word' id='word_1_235' title='bbox 903 4105 1002 4170; x_wconf 88' lang='lat' dir='ltr'><strong>ita</strong></span> <span class='ocrx_word' id='word_1_236' title='bbox 1044 4102 1406 4171; x_wconf 84' lang='lat' dir='ltr'><strong>sciscitanti</strong></span> <span class='ocrx_word' id='word_1_237' title='bbox 1458 4102 1968 4188; x_wconf 69' lang='lat' dir='ltr'><strong>raepondebm3</strong></span> <span class='ocrx_word' id='word_1_238' title='bbox 2032 4112 2049 4138; x_wconf 91' lang='lat'>‘</span> <span class='ocrx_word' id='word_1_239' title='bbox 2072 4103 2238 4185; x_wconf 69' lang='lat' dir='ltr'><strong>Quae</strong></span> <span class='ocrx_word' id='word_1_240' title='bbox 2285 4110 2387 4169; x_wconf 87' lang='lat' dir='ltr'><strong>est</strong></span> <span class='ocrx_word' id='word_1_241' title='bbox 2404 4102 2430 4141; x_wconf 77' lang='lat'>²</span> <span class='ocrx_word' id='word_1_242' title='bbox 2473 4102 2656 4169; x_wconf 87' lang='lat' dir='ltr'><strong>illius</strong></span> <span class='ocrx_word' id='word_1_243' title='bbox 2691 4103 2931 4189; x_wconf 90' lang='lat' dir='ltr'><strong>judicii</strong></span> 
     </span>
     <span class='ocr_line' id='line_1_33' title="bbox 825 4203 2931 4293; baseline -0.001 -20"><span class='ocrx_word' id='word_1_244' title='bbox 825 4218 855 4243; x_wconf 89' lang='lat'><strong>“</strong></span> <span class='ocrx_word' id='word_1_245' title='bbox 905 4217 919 4242; x_wconf 77' lang='lat'><strong><em>⁴</em></strong></span> <span class='ocrx_word' id='word_1_246' title='bbox 950 4206 1280 4286; x_wconf 74' lang='lat' dir='ltr'><strong>sententia</strong></span> <span class='ocrx_word' id='word_1_247' title='bbox 1314 4210 1338 4270; x_wconf 70' lang='lat'><em>2</em></span> <span class='ocrx_word' id='word_1_248' title='bbox 1452 4203 1631 4270; x_wconf 87' lang='lat' dir='ltr'><strong>Scire</strong></span> <span class='ocrx_word' id='word_1_249' title='bbox 1676 4204 1862 4291; x_wconf 83' lang='lat' dir='ltr'><strong>prius</strong></span> <span class='ocrx_word' id='word_1_250' title='bbox 1907 4212 2182 4292; x_wconf 89' lang='lat' dir='ltr'><strong>oportet,</strong></span> <span class='ocrx_word' id='word_1_251' title='bbox 2231 4228 2432 4293; x_wconf 90' lang='lat' dir='ltr'><strong>quam</strong></span> <span class='ocrx_word' id='word_1_252' title='bbox 2484 4207 2931 4284; x_wconf 82' lang='lat' dir='ltr'><strong>confiteamur,</strong></span> 
     </span>
     <span class='ocr_line' id='line_1_34' title="bbox 826 4306 2933 4395; baseline 0 -22"><span class='ocrx_word' id='word_1_253' title='bbox 826 4319 856 4345; x_wconf 86' lang='lat'><strong>“</strong></span> <span class='ocrx_word' id='word_1_254' title='bbox 904 4318 918 4344; x_wconf 91' lang='lat'>‘</span> <span class='ocrx_word' id='word_1_255' title='bbox 949 4315 1174 4374; x_wconf 87' lang='lat' dir='ltr'><strong>utrum</strong></span> <span class='ocrx_word' id='word_1_256' title='bbox 1219 4307 1361 4394; x_wconf 87' lang='lat' dir='ltr'><strong>pati</strong></span> <span class='ocrx_word' id='word_1_257' title='bbox 1391 4328 1470 4373; x_wconf 89' lang='lat' dir='ltr'><strong>ea</strong></span> <span class='ocrx_word' id='word_1_258' title='bbox 1498 4306 1836 4378; x_wconf 81' lang='lat' dir='ltr'><strong>valeamus</strong></span> <span class='ocrx_word' id='word_1_259' title='bbox 1882 4309 2316 4395; x_wconf 83' lang='lat' dir='ltr'><strong>exsequend0‚</strong></span> <span class='ocrx_word' id='word_1_260' title='bbox 2354 4331 2442 4375; x_wconf 88' lang='lat' dir='ltr'><strong>an</strong></span> <span class='ocrx_word' id='word_1_261' title='bbox 2487 4309 2715 4375; x_wconf 87' lang='lat' dir='ltr'><strong>aliter.&#39;</strong></span> <span class='ocrx_word' id='word_1_262' title='bbox 2811 4308 2933 4374; x_wconf 89' lang='lat' dir='ltr'><strong>Ille</strong></span> 
     </span>
     <span class='ocr_line' id='line_1_35' title="bbox 824 4409 2932 4497; baseline -0.001 -19"><span class='ocrx_word' id='word_1_263' title='bbox 824 4423 855 4447; x_wconf 89' lang='lat'><strong>“</strong></span> <span class='ocrx_word' id='word_1_264' title='bbox 900 4417 1124 4479; x_wconf 88' lang='lat' dir='ltr'><strong>autem</strong></span> <span class='ocrx_word' id='word_1_265' title='bbox 1169 4434 1239 4477; x_wconf 88' lang='lat' dir='ltr'><strong>se</strong></span> <span class='ocrx_word' id='word_1_266' title='bbox 1290 4411 1537 4479; x_wconf 87' lang='lat' dir='ltr'><strong>nescire</strong></span> <span class='ocrx_word' id='word_1_267' title='bbox 1589 4411 1975 4490; x_wconf 86' lang='lat' dir='ltr'><strong>affirmabat,</strong></span> <span class='ocrx_word' id='word_1_268' title='bbox 2016 4434 2137 4479; x_wconf 90' lang='lat' dir='ltr'><strong>nec</strong></span> <span class='ocrx_word' id='word_1_269' title='bbox 2180 4411 2311 4478; x_wconf 90' lang='lat' dir='ltr'><strong>alio</strong></span> <span class='ocrx_word' id='word_1_270' title='bbox 2365 4412 2559 4479; x_wconf 92' lang='lat' dir='ltr'><strong>modo</strong></span> <span class='ocrx_word' id='word_1_271' title='bbox 2601 4409 2932 4497; x_wconf 81' lang='lat' dir='ltr'><strong>archiepi-</strong></span> 
     </span>
    </p>
   </div>
   <div class='ocr_carea' id='block_1_3' title="bbox 824 4513 2931 4603">
    <p class='ocr_par' dir='ltr' id='par_1_3' title="bbox 824 4513 2931 4603">
     <span class='ocr_line' id='line_1_36' title="bbox 824 4513 2931 4603; baseline -0.001 -23"><span class='ocrx_word' id='word_1_272' title='bbox 824 4524 856 4550; x_wconf 84' lang='lat'><strong>“</strong></span> <span class='ocrx_word' id='word_1_273' title='bbox 900 4536 1167 4603; x_wconf 85' lang='lat' dir='ltr'><strong>scopum</strong></span> <span class='ocrx_word' id='word_1_274' title='bbox 1212 4513 1384 4581; x_wconf 83' lang='lat' dir='ltr'><strong>velle</strong></span> <span class='ocrx_word' id='word_1_275' title='bbox 1428 4513 1781 4582; x_wconf 86' lang='lat' dir='ltr'><strong>revelando</strong></span> <span class='ocrx_word' id='word_1_276' title='bbox 1842 4514 2151 4601; x_wconf 87' lang='lat' dir='ltr'><strong>cuiquam</strong></span> <span class='ocrx_word' id='word_1_277' title='bbox 2211 4519 2512 4582; x_wconf 86' lang='lat' dir='ltr'><strong>nostrum</strong></span> <span class='ocrx_word' id='word_1_278' title='bbox 2565 4514 2931 4601; x_wconf 84' lang='lat' dir='ltr'><strong>patefacere</strong></span> 
     </span>
    </p>
   </div>
   <div class='ocr_carea' id='block_1_4' title="bbox 2469 4669 2922 4681">
    <p class='ocr_par' dir='ltr' id='par_1_4' title="bbox 2469 4669 2922 4681">
     <span class='ocr_line' id='line_1_37' title="bbox 2469 4669 2922 4681; baseline 0 1119"><span class='ocrx_word' id='word_1_279' title='bbox 2469 4669 2922 4681; x_wconf 95' lang='lat' dir='ltr'><strong> </strong></span> 
     </span>
    </p>
   </div>
   <div class='ocr_carea' id='block_1_5' title="bbox 2055 4673 2458 4683">
    <p class='ocr_par' dir='ltr' id='par_1_5' title="bbox 2055 4673 2458 4683">
     <span class='ocr_line' id='line_1_38' title="bbox 2055 4673 2458 4683; baseline 0 1117"><span class='ocrx_word' id='word_1_280' title='bbox 2055 4673 2458 4683; x_wconf 95' lang='lat' dir='ltr'><strong> </strong></span> 
     </span>
    </p>
   </div>
   <div class='ocr_carea' id='block_1_6' title="bbox 889 4755 2394 4826">
    <p class='ocr_par' dir='ltr' id='par_1_6' title="bbox 889 4755 2394 4826">
     <span class='ocr_line' id='line_1_39' title="bbox 889 4755 2394 4826; baseline 0 -17"><span class='ocrx_word' id='word_1_281' title='bbox 889 4756 904 4791; x_wconf 85' lang='lat'><strong>¹</strong></span> <span class='ocrx_word' id='word_1_282' title='bbox 940 4755 1099 4824; x_wconf 71' lang='lat' dir='ltr'><strong>istud]</strong></span> <span class='ocrx_word' id='word_1_283' title='bbox 1127 4757 1297 4820; x_wconf 73' lang='lat' dir='ltr'><strong>istum,</strong></span> <span class='ocrx_word' id='word_1_284' title='bbox 1320 4758 1389 4809; x_wconf 79' lang='lat' dir='ltr'><strong>A.</strong></span> <span class='ocrx_word' id='word_1_285' title='bbox 1867 4755 1880 4826; x_wconf 86' lang='grc' dir='ltr'>Ι</span> <span class='ocrx_word' id='word_1_286' title='bbox 1991 4755 2013 4789; x_wconf 74' lang='lat'>²</span> <span class='ocrx_word' id='word_1_287' title='bbox 2044 4755 2145 4823; x_wconf 70' lang='lat' dir='ltr'><strong>est]</strong></span> <span class='ocrx_word' id='word_1_288' title='bbox 2174 4764 2304 4822; x_wconf 75' lang='lat' dir='ltr'><strong>erat,</strong></span> <span class='ocrx_word' id='word_1_289' title='bbox 2324 4756 2394 4809; x_wconf 79' lang='lat' dir='ltr'><strong>A.</strong></span> 
     </span>
    </p>
   </div>
   <div class='ocr_carea' id='block_1_7' title="bbox 3011 5672 3272 5708">
    <p class='ocr_par' dir='ltr' id='par_1_7' title="bbox 3011 5672 3272 5708">
     <span class='ocr_line' id='line_1_40' title="bbox 3011 5672 3272 5708; baseline -0.011 -1"><span class='ocrx_word' id='word_1_290' title='bbox 3011 5672 3272 5708; x_wconf 39' lang='grc' dir='ltr'><strong>,μᾷ-ὲ-</strong></span> 
     </span>
    </p>
   </div>
  </div>
 </body>
</html>
