3600 5800
1567 844 1695 908 511

1575 1389 1705 1455 ΠΙ.

753 1582 1231 1660 LECTIONES
1279 1583 1397 1657 DE
1436 1582 1644 1657 VITA
1694 1580 2008 1656 SANCTI
2052 1580 2093 1655 J
2099 1579 2528 1672 OHANNIS,

1047 1686 1448 1764 EPISCOPI
1490 1687 1596 1763 ΕΤ
1640 1684 2242 1761 CONFESSORIS.

1219 1866 1364 1933 [ΜΒ.
1391 1866 1576 1931 Gray’s
1597 1865 1715 1926 1nn,
1737 1870 1788 1925 3,
1810 1864 1864 1915 ff.
1891 1863 2067 1930 42-4.]

1355 2057 1877 2077 WAWJXMM

685 2190 770 2258 In
812 2193 1137 2280 principio
1181 2194 1370 2281 regni
1432 2193 1679 2259 Alfi-idi
1741 2184 2431 2259 Nordanhimbrorum
2508 2193 2699 2279 regie,

596 2295 826 2361 fratris
870 2295 1121 2362 scilicet
1166 2295 1477 2382 Egcfridi,
1524 2299 1594 2360 et
1637 2294 1710 2359 in
1754 2316 1957 2381 regno
2024 2294 2423 2371 successoria
2470 2294 2585 2379 qui
2631 2298 2702 2359 et

598 2397 739 2482 ipse
805 2396 990 2462 Oswi
1053 2397 1232 2462 filius
1275 2396 1423 2476 fuit,
1455 2405 1733 2461 defuncto
1768 2405 1920 2460 Eata
1944 2405 2232 2478 episcope,
2256 2404 2297 2460 J
2297 2405 2571 2469 ohannes,
2609 2404 2703 2460 vir

599 2502 851 2562 sanctus,
879 2497 1366 2568 Hagustaldensis
1401 2497 1660 2552 ecclesiae
1706 2496 2084 2567 praesulatum
2121 2496 2390 2569 suscepit.
2463 2494 2551 2550 De
2588 2513 2703 2566 quo
2729 2486 2890 2546 Beda,

598 2580 769 2651 plura
803 2579 1089 2637 virtutum
1123 2580 1408 2636 miracula
1441 2580 1545 2651 qui
1582 2596 1718 2634 eum
1752 2579 2123 2636 familiariter
2158 2584 2467 2644 noverunt,
2509 2578 2703 2634 dicere

601 2674 813 2739 solent,
876 2677 937 2729 et
993 2674 1246 2728 maxime
1304 2673 1399 2730 vir
1432 2672 1937 2729 reverentissimus
1985 2691 2053 2729 ac
2102 2674 2508 2731 veracissimus
2544 2664 2703 2730 Ber-

599 2761 822 2832 tmmS,
861 2764 1152 2836 quondam
1208 2763 1486 2819 diaconus
1535 2765 1683 2836 ejus,
1733 2781 1888 2819 nunc
1926 2764 2103 2820 abbas
2156 2762 2497 2819 monasterii
2550 2763 2706 2835 quod

602 2863 847 2916 vocatur
881 2857 945 2913 in
981 2856 1271 2925 Derauda,
1309 2856 1373 2913 id
1409 2861 1500 2914 est
1534 2857 1599 2913 in
1635 2857 1785 2914 silva
1821 2856 2146 2922 Derorum3
2196 2874 2230 2914 e
2265 2856 2478 2930 quibus
2513 2856 2708 2928 aliqua

604 2939 903 2995 memoriae
936 2938 1172 2994 tradere
1207 2939 1516 2996 commoda
1550 2937 1839 2995 duximus.

674 3027 784 3082 Est
817 3026 1044 3082 mansio
1081 3024 1348 3096 quoedam
1384 3027 1682 3092 secretior,
1713 3042 1952 3080 nemore
1985 3042 2118 3081 raro
2155 3030 2217 3080 et
2250 3016 2423 3081 valle
2459 3024 2708 3079 circum·

604 3117 761 3183 data,
804 3133 924 3171 non
959 3117 1134 3186 longe
1169 3115 1243 3171 ab
1279 3115 1741 3188 Hagustaldensi
1777 3116 2047 3180 ecclesia,
2084 3114 2149 3170 id
2186 3121 2277 3171 est
2312 3117 2489 3172 unius
2526 3117 2710 3170 ferme

604 3199 849 3255 miliarii
885 3205 947 3254 et
983 3198 1215 3254 dimidii
1273 3200 1479 3271 spatio,
1543 3200 1923 3255 interfluente
1982 3200 2131 3255 Tina
2188 3217 2360 3255 amne
2421 3204 2707 3290 separata,

603 3291 830 3346 habens
864 3281 1316 3347 climitorium¹
1353 3289 1556 3346 Sancti
1591 3290 1905 3346 Michaelis
1947 3289 2332 3361 Archangeli,
2372 3290 2436 3346 in
2470 3308 2585 3363 qua
2618 3291 2712 3348 vir

606 3381 720 3437 Dei
755 3380 987 3453 saepius,
1025 3381 1132 3436 ubi
1167 3381 1570 3454 opportunitas
1605 3381 1901 3439 arridebat
1922 3381 2227 3455 temporis,
2267 3388 2327 3438 et
2360 3382 2613 3439 maxime
2650 3382 2713 3437 in

605 3464 1082 3535 Quadragesima‚
1121 3482 1361 3520 manere
1408 3482 1542 3520 cum
1590 3465 1839 3537 paucis„
1866 3469 2045 3538 atque
2080 3465 2442 3522 orationibus
2496 3482 2564 3521 ac
2598 3466 2714 3523 leo-

603 3549 753 3606 tioni
791 3549 1026 3621 quietus
1061 3564 1299 3619 operam
1334 3546 1473 3603 dare
1507 3552 1906 3604 consueverat.

680 3633 944 3704 Cumque
976 3638 1242 3704 tempore
1279 3630 1547 3703 quodm,
1597 3631 1917 3704 incipiente
1967 3631 2440 3705 Quadragesima,
2495 3635 2716 3691 ibidem

611 3732 922 3771 mansurus
969 3715 1292 3782 adveniret,
1338 3715 1517 3786 jussit
1576 3716 1699 3771 suis
1757 3732 2022 3788 quaerere
2081 3734 2393 3790 pauperem
2459 3718 2716 3791 aliquem

608 3800 819 3873 majori
869 3799 1214 3856 infirmitate
1259 3799 1355 3855 vel
1389 3798 1588 3871 inopia
1636 3804 1968 3870 gravatum,
2021 3818 2197 3873 quem
2247 3818 2448 3859 secum
2500 3803 2716 3858 habere

608 3883 731 3940 illis
767 3883 973 3939 diebus
1009 3883 1086 3939 ad
1119 3881 1445 3939 faciendam
1472 3883 1853 3940 elemosinam
1899 3891 2128 3956 posset3
2167 3885 2253 3941 sic
2288 3885 2447 3943 enim
2487 3903 2718 3960 semper

607 3969 802 4025 facere
838 3969 1078 4025 solebat.

683 4052 831 4106 Erat
882 4056 1078 4107 autem
1130 4050 1192 4106 in
1249 4049 1396 4106 villa
1451 4067 1570 4106 non
1622 4050 1798 4122 longe
1851 4051 2043 4125 posita
2091 4054 2332 4126 quidam
2380 4055 2716 4112 adolescens
2741 4074 2850 4124 The
2871 4088 2991 4124 eure,

613 4137 831 4200 mutus,
887 4132 1159 4206 episcopo
1209 4136 1401 4198 notus,
1456 4150 1592 4188 nam
1645 4134 1856 4205 soepius
1903 4145 2039 4195 ante
2095 4137 2269 4194 illum
2325 4139 2717 4211 percipiendae
2742 4140 2802 4190 of
2815 4141 2904 4190 the

613 4216 946 4274 elemosinae
1006 4216 1202 4287 gratia
1251 4216 1457 4272 venire
1503 4225 1906 4287 consueverat,
1947 4221 2050 4292 qui
2083 4240 2195 4278 nec
2247 4239 2433 4277 unum
2481 4222 2718 4294 quidem
2743 4208 2898 4256 <lumb
2919 4220 3038 4256 Μ

615 4318 938 4357 sermonem
996 4316 1257 4372 unquam
1291 4299 1511 4371 profari
1544 4306 1806 4373 poterat3
1870 4304 1976 4360 sed
2008 4308 2069 4360 et
2101 4304 2357 4362 scabiem
2388 4308 2615 4362 tantam
2650 4323 2718 4362 ac
2742 4272 3032 4389 {af-He*

614 4392 870 4448 furfures
892 4390 1145 4448 habebat
1178 4391 1244 4448 in
1278 4392 1491 4465 capite,
1526 4399 1596 4450 ut
1628 4385 1854 4452 nullus
1890 4412 2150 4467 unquam
2186 4396 2531 4469 capillorum
2568 4397 2625 4453 ei
2659 4397 2722 4454 in

614 4481 910 4554 superiore
943 4485 1111 4552 parte
1163 4482 1372 4555 capitis
1417 4484 1578 4542 nasci
1630 4484 1872 4552 valeret,
1911 4477 2024 4543 sed
2060 4490 2295 4544 tantum
2344 4487 2409 4542 in
2467 4486 2720 4544 circuitu

613 4571 838 4629 horridi
898 4570 1087 4630 crines
1149 4577 1304 4630 stare
1352 4573 1722 4632 videbantur.
1833 4575 2011 4631 Hunc
2070 4591 2212 4647 ergo
2262 4574 2474 4633 adduci
2517 4570 2606 4636 ad
2648 4590 2719 4635 se

1181 4765 1199 4799 ¹
1234 4766 1574 4835 climieorim]
1604 4767 1964 4832 coemeterium,
1982 4768 2144 4822 Beda.

2729 2553 2801 2604 H.
2824 2555 2887 2603 E,
2914 2568 2962 2601 v.
2988 2519 3081 2601 2.-
