3600 5800
411 2375 643 2492 sw-
691 2394 698 2401 ’

413 4035 545 4086 Ibid.

1443 882 1760 933 AucroRE
1808 883 2154 933 musso.
2718 866 2848 936 217

746 1070 1102 1155 opperiens,
1196 1069 1398 1135 Stans
1460 1071 1686 1155 itaque
1749 1070 2152 1157 Angelorum
2200 1068 2471 1136 Domini
2530 1070 2848 1156 princeps,
2875 1074 2959 1126 He
2980 1073 3026 1123 is
3047 1072 3170 1123 visi-

746 1168 1124 1256 hujusmodi
1157 1172 1361 1237 verba
1389 1173 1533 1237 viro
1579 1171 1839 1238 locutus
1883 1174 2230 1238 asseritur:
2279 1181 2312 1207 “
2344 1172 2665 1250 Wilfride,
2698 1193 2851 1238 con-
2874 1141 3162 1271 Ξὲὴξζὲξῗ

748 1279 782 1306 “
826 1273 989 1338 civis
1035 1273 1434 1360 dignissime,
1497 1296 1705 1360 surge,
1768 1274 1931 1360 quid
1968 1275 2191 1361 jaces?
2258 1296 2415 1339 nam
2474 1275 2631 1341 licet
2676 1275 2851 1339 inter
2874 1272 3114 1323 Michael.
3216 1362 3217 1365 Ἴ

749 1380 782 1408 “
827 1374 1002 1439 cives
1076 1374 1381 1440 caelorum
1456 1376 1834 1453 numereris,
1901 1382 2128 1442 tamen
2190 1381 2460 1463 propter
2522 1368 2848 1442 orationes
2912 1410 2917 1414 ·
2980 1462 2985 1469 Ι

749 1484 783 1510 “
825 1475 1112 1541 filiorum
1157 1482 1422 1543 tuorum
1474 1477 1599 1544 hoc
1657 1482 1951 1565 tempore
1992 1500 2131 1545 non
2173 1478 2506 1557 morieris;
2570 1484 2639 1544 et
2682 1499 2847 1564 prae-

748 1586 782 1612 “
826 1578 1014 1664 cipue
1088 1600 1206 1665 per
1271 1579 1509 1645 merita
1582 1586 1652 1646 et
1725 1581 2222 1647 intercessiones
2297 1580 2524 1644 Beatae
2602 1579 2848 1657 Mal-ise,

748 1686 782 1714 “
824 1679 1163 1767 genitricis
1225 1677 1352 1746 Dei
1429 1686 1498 1747 et
1559 1687 1897 1769 perpetuae
1968 1680 2260 1767 virginis.
2374 1679 2612 1745 Oravit
2673 1679 2850 1744 enim

749 1792 782 1817 “
825 1804 943 1868 pro
989 1787 1072 1860 te,
1120 1790 1465 1869 propterea
1494 1784 1671 1868 quod
1716 1783 2022 1868 quaedam
2054 1803 2251 1868 opera
2295 1780 2423 1845 sibi
2464 1780 2853 1867 placuerunt

747 1894 781 1920 “
824 1885 999 1951 facta
1043 1907 1161 1970 per
1207 1890 1289 1950 te.
1385 1885 1529 1951 Scit
1587 1907 1824 1971 nempe
1870 1885 2033 1970 quid
2093 1883 2306 1969 operis
2368 1883 2564 1949 Petro
2609 1883 2851 1959 feceriS,

745 1993 780 2021 “
827 1985 1118 2070 quidque
1150 1986 1359 2071 ipsius
1388 1985 1579 2050 fratri
1633 1985 1917 2051 Andreae
1954 1985 2411 2051 construxeris.
2485 1992 2855 2065 Quapropter

748 2095 781 2120 ‘⁶
825 2079 1004 2150 nunc
1049 2085 1316 2170 quidem
1362 2107 1403 2151 a
1446 2092 1655 2152 morte
1716 2086 2140 2165 revocaberis,
2195 2107 2271 2152 ac
2315 2087 2477 2151 vitae
2523 2084 2853 2170 salutique

748 2197 781 2223 “
825 2187 1229 2266 restitueris3
1291 2195 1396 2252 sed
1427 2202 1667 2269 paratus
1709 2202 1852 2264 este,
1907 2198 2046 2269 quia
2090 2203 2221 2269 post
2257 2196 2707 2269 quadriennium
2754 2208 2852 2252 re-
2878 2189 2992 2239 The
3015 2190 3161 2273 §teh-

750 2285 782 2311 “
829 2277 1032 2353 diens,
1078 2282 1326 2340 visitabo
1359 2288 1439 2338 te.
1512 2284 1775 2340 Patriam
1803 2302 1944 2341 vero
1980 2285 2346 2357 perveniens,
2387 2285 2699 2339 maximam
2724 2301 2851 2355 pos·
2878 2257 3070 2331 ”gd-⁸

751 2368 786 2393 ‘⁸
828 2365 1152 2421 sessionum
1179 2368 1441 2428 tuarum,
1481 2380 1612 2433 quae
1636 2364 1751 2419 tibi
1775 2370 1914 2420 sunt
1949 2365 2178 2430 ablatae,
2217 2364 2547 2437 portionem
2584 2363 2850 2436 recipies,
2877 2337 3107 2439 gfflg

750 2459 787 2484 “
825 2461 1004 2527 atque
1039 2456 1104 2511 in
1137 2469 1281 2527 paee
1316 2454 1634 2527 tranquilla
1656 2456 1843 2511 vitam
1877 2456 2276 2512 terminabis?
2353 2447 2610 2530 Quibus
2640 2447 2852 2526 dictis,

746 2549 916 2614 visio
959 2547 1203 2635 Angeli
1263 2546 1693 2633 colloquentis
1737 2550 1826 2615 ab
1886 2549 2029 2635 ejus
2074 2554 2425 2636 conspectu
2471 2548 2692 2636 elapsa
2735 2554 2850 2615 881.

743 2652 841 2717 Α1
883 2650 996 2717 1118
1040 2649 1358 2737 protinus,
1404 2669 1482 2717 ac
1525 2651 1583 2715 si
1628 2657 1701 2714 de
1737 2660 1909 2732 gravi
1944 2677 2146 2718 somno
2168 2651 2680 2741 expergefactus,
2711 2673 2853 2718 sur-

743 2754 935 2832 rexit,
981 2753 1171 2831 sedit,
1230 2762 1561 2835 apertisque
1613 2748 1819 2827 oculis,
1874 2760 2033 2818 circa
2084 2779 2148 2818 se
2197 2762 2403 2819 choros
2454 2762 2851 2834 psallentium,

743 2851 1128 2924 flentiumque
1181 2849 1432 2907 fratrum
1489 2842 1791 2928 aspexit3
1860 2868 1928 2907 ac
1988 2850 2282 2908 modicum
2344 2850 2663 2923 suspirans,
2725 2851 2852 2908 ubi·
2880 2843 3130 2897 Wilfl'id't⁵

746 2952 900 2996 nam
937 2946 1093 2997 esset
1125 2938 1285 2994 Acca
1330 2939 1659 3011 presbyter,
1712 2941 2124 3012 interrogavit.
2214 2939 2329 3009 Qui
2377 2940 2580 2996 statim
2615 2947 2854 2997 vocatus
2878 2927 3139 2978 mvery·

744 3019 1009 3086 intravit,
1050 3023 1111 3074 et
1145 3018 1348 3075 videns
1398 3015 1540 3075 eum'
1587 3020 1800 3078 melius
1851 3019 2183 3085 habentem,
2234 3036 2303 3075 ac
2336 3019 2501 3092 loqui
2535 3019 2851 3086 valentem,

746 3103 911 3159 flexis
944 3101 1192 3175 genibus
1228 3117 1362 3156 cum
1409 3100 1677 3157 omnibus
1724 3102 1830 3173 qui
1877 3102 2120 3158 aderant
2151 3101 2435 3158 fratribus
2471 3101 2596 3157 Deo
2632 3103 2855 3173 gratias

749 3187 892 3259 egit.
970 3187 1047 3241 Et
1083 3202 1219 3241 cum
1254 3201 1462 3256 parum
1510 3185 1922 3248 consedissent,
1959 3203 2026 3240 ac
2063 3185 2135 3239 de
2173 3186 2440 3257 supernis
2467 3184 2705 3255 judiciis
2737 3190 2856 3240 tre-

745 3272 890 3343 pidi,
928 3269 1127 3341 aliqua
1175 3267 1539 3324 confabulari
1588 3268 1924 3340 ccepissent,
1958 3269 2138 3339 jussit
2186 3269 2449 3337 pontifex
2505 3275 2744 3324 caeteros
2781 3269 2856 3324 ad

749 3363 955 3416 horam
1015 3359 1239 3430 egredi.
1328 3348 1589 3414 Dehinc
1625 3358 1700 3413 ad
1746 3356 1967 3413 Accam
2012 3358 2421 3430 presbyterum
2490 3372 2855 3428 converSUS,

753 3472 1030 3536 quaeque
1074 3449 1336 3514 viderat
1388 3449 1616 3515 ordine
1675 3448 1924 3526 retulit,
1971 3449 2315 3514 tremenda
2358 3449 2550 3514 illum
2593 3450 2857 3536 adjura-

752 3551 933 3617 tione
978 3550 1446 3636 constringens‚
1492 3571 1577 3614 ne
1638 3549 1798 3614 dum
1860 3549 2018 3615 huic
2076 3549 2239 3615 vitae
2292 3562 2672 3636 superesset,
2721 3554 2855 3618 cui-

753 3671 952 3740 quam
995 3651 1250 3717 homini
1293 3651 1617 3716 visionem
1661 3652 1873 3737 ipsam
1921 3651 2219 3717 ediceret.

1510 3879 1954 3965 [CArrruLtm
2001 3880 2101 3965 L.]

822 4037 1129 4096 Convaluit
1180 4037 1369 4110 igitur
1418 4036 1721 4109 episcopus
1787 4037 2012 4093 cunctis
2072 4036 2484 4108 gaudentibus,
2553 4042 2856 4110 coeptoque
2881 4035 3094 4090 wilfrid

748 4133 958 4188 itinere
995 4130 1322 4188 Britaniam
1368 4130 1551 4187 venit.
1648 4129 1929 4202 Epistolis
1972 4134 2175 4187 autem
2228 4147 2373 4201 quas
2435 4144 2478 4187 a
2540 4122 2856 4200 Romanae
2879 4110 3193 4221 Σῖῗξὲζει,

748 4212 921 4276 88(118
983 4211 1287 4276 antistite
1348 4215 1690 4296 acceperat
1749 4211 1824 4274 in
1884 4214 2215 4276 conventu
2275 4210 2600 4276 nobilium
2652 4211 2854 4291 188118,
2882 4238 3056 4287 nomed
3079 4238 3149 4300 by

750 4311 1184 4377 Birhtualdus
1201 4311 1227 4351 ¹
1300 4320 1784 4393 archiepiscopus,
1837 4326 1897 4376 et
1958 4311 2290 4378 AEilredus
2314 4310 2341 4350 ²
2403 4322 2695 4393 quondam
2729 4340 2852 4388 rex,
2880 4302 3135 4352 Ethelred.

750 4414 892 4464 tuno
950 4413 1148 4466 autem
1207 4409 1397 4476 abbas,
1459 4400 1554 4464 eis
1615 4408 2002 4464 libentissime
2061 4409 2360 4464 faverunt:
2427 4408 2530 4479 qui
2578 4407 2855 4466 videlicet

751 4487 1081 4553 AEilredus
1103 4485 1129 4525 ²
1168 4497 1418 4552 accitum
1456 4496 1529 4551 ad
1577 4513 1638 4551 se
1688 4495 2058 4562 coinredum,
2100 4513 2273 4566 quem
2316 4485 2510 4574 post⁸
2553 4513 2615 4552 se
2650 4515 2853 4569 regem

818 4670 836 4704 ¹
867 4669 1236 4737 Bis-htualdus]
1266 4669 1627 4731 Brithwaldus,
1648 4669 1719 4720 A.
1912 4669 1935 4703 ⁸
1960 4670 2106 4737 post]
2136 4686 2248 4736 pro,
2268 4672 2331 4723 B.

816 4751 839 4785 ²
871 4750 1169 4816 AE'ilrcdus]
1201 4749 1520 4814 AEgclredus,
1543 4749 1613 4799 A.
