3600 5800
382 1238 668 1357 ξᾶᾶὲεεν

1426 843 1745 893 moroan
1790 842 2138 892 mommo,
2693 832 2822 898 199

721 1032 757 1063 “
798 1029 1027 1108 mavis,
1073 1052 1179 1095 me
1224 1029 1423 1096 simul
1466 1051 1616 1096 cum
1662 1051 1737 1094 eo
1783 1035 2114 1095 tormenta
2159 1035 2229 1094 et
2271 1034 2514 1094 mortes
2537 1028 2564 1068 ²
2608 1035 2818 1118 magis

721 1139 755 1167 “
797 1132 967 1197 velle
1012 1134 1231 1198 subire
1277 1154 1602 1219 cognosce,
1636 1154 1836 1219 quam
1865 1155 2016 1198 eum
2046 1133 2120 1198 in
2151 1133 2495 1197 tormentis
2525 1132 2817 1202 haberess'

807 1232 915 1299 Ad
974 1235 1115 1300 haec
1172 1262 1296 1310 rex,
1354 1234 1778 1300 vehementer
1830 1244 2033 1310 iratae,
2077 1245 2258 1315 jussit
2306 1233 2625 1300 Sanctum
2680 1248 2816 1304 duci
2845 1235 3085 1288 Wllffid
3069 1254 3114 1288 ¹⁸

718 1329 783 1385 in
840 1332 1046 1386 urbem
1105 1349 1269 1387 suam
1327 1322 1638 1436 Dymber3
1701 1332 1776 1388 ad
1835 1332 2198 1404 praefectum,
2260 1339 2493 1392 nomine
2553 1335 2816 1418 Tydlin?
2840 1317 2979 1418 {2¹3⁰
2966 1307 3080 1420 :3

717 1415 950 1497 utpote
993 1420 1353 1487 ferociorem,
1391 1422 1738 1494 praecipiens
1780 1412 1883 1476 illi
1926 1426 1994 1475 ut
2029 1424 2400 1495 compedibus
2430 1424 2498 1483 et
2527 1401 2813 1484 Vincuhs
2839 1442 2895 1485 to
2918 1436 2969 1486 D
2972 1438 3149 1489 nnbat.

717 1513 979 1580 fortiter
1038 1514 1383 1580 astrictum
1452 1515 1716 1580 arctiori
1781 1516 2098 1581 custodiae
2165 1521 2587 1607 manciparet.
2682 1522 2813 1602 Qui

705 1616 989 1702 jussioni
1034 1617 1355 1682 contraire
1414 1639 1549 1682 non
1592 1617 1857 1695 audens,
1906 1618 2125 1682 virum
2156 1622 2446 1707 suscipit,
2495 1623 2813 1688 custodiae

713 1719 935 1798 tradit,
981 1715 1250 1785 vincula
1292 1719 1465 1785 facit.
1558 1719 1808 1785 Verum
1853 1741 2002 1785 cum
2047 1721 2120 1785 in
2177 1721 2303 1788 hoc
2362 1728 2439 1788 ut
2497 1724 2815 1810 ligaretur
2911 1729 2916 1736 '

710 1822 1159 1888 ministrorum
1226 1844 1458 1888 manus
1522 1823 1948 1901 elaborarent,
2008 1829 2130 1888 aut
2163 1831 2394 1910 rupta
2451 1828 2539 1892 ab
2606 1827 2813 1913 ipsius
2913 1853 2926 1860 ³

711 1945 973 2010 corpore
1020 1925 1248 1988 eadem
1308 1923 1576 1989 vincula
1635 1923 2061 2002 dissiliebant,
2109 1929 2230 1990 aut
2288 1933 2461 1992 certe
2508 1927 2812 2014 colligare

709 2047 845 2091 non
917 2027 1213 2091 valentia
1274 2025 1514 2090 diffusa
1581 2026 1940 2106 cadebant3
2000 2033 2098 2098 et
2134 2028 2301 2092 miro
2368 2030 2810 2096 moderamine
2944 2117 2950 2126 ¹

672 2125 964 2208 ,Christi
1041 2149 1116 2192 eo
1187 2127 1402 2190 minor
1460 2127 1534 2190 in
1592 2148 1742 2191 eum
1801 2126 2067 2244 ligandi·
2122 2135 2412 2215 potestas
2479 2133 2807 2212 extiterat,

634 2313 641 2322 Ι
713 2250 843 2314 quo
888 2229 974 2294 ad
1018 2229 1364 2315 ligandum
1430 2228 1691 2294 hostilis
1754 2228 1980 2294 feritas
2048 2231 2401 2297 immanius
2475 2235 2807 2300 saeviebat.

724 2329 912 2394 Unde
981 2330 1082 2394 illi
1157 2330 1439 2394 nimium
1498 2330 1825 2409 admirati,
1888 2329 2002 2396 sed
2045 2333 2225 2418 regio
2270 2338 2513 2400 terrore
2561 2357 2809 2421 suaque

710 2433 1016 2498 vecordia
1088 2434 1162 2498 in
1241 2425 1605 2499 barbaricos
1680 2439 1898 2498 motus
1960 2434 2298 2520 exagitati,
2345 2436 2486 2501 alia
2535 2442 2605 2502 et
2677 2438 2810 2503 alia

712 2534 977 2600 vincula
1020 2540 1257 2620 parant
1320 2539 1558 2600 conatu
1617 2555 1752 2613 su0,
1806 2555 1985 2601 casso
2028 2534 2250 2602 labore
2309 2537 2610 2605 funditus
2656 2562 2806 2606 con-

708 2637 1040 2708 sumenda.
1046 2634 1073 2674 ⁸
1182 2687 1192 2697 .

797 2739 940 2817 Eia,
1003 2740 1129 2805 tibi
1192 2739 1444 2826 ligandi
1504 2743 1834 2826 potestate
1907 2740 2185 2820 sublata,
2251 2742 2412 2827 quid
2488 2744 2668 2822 furis,
2748 2745 2807 2811 Ο
2833 2753 2946 2803 The

705 2863 939 2909 manus
1024 2843 1299 2909 insana.
1282 2846 1306 2892 Ἰ
1428 2841 1604 2924 Quid
1680 2846 2021 2928 tantopere
2096 2843 2329 2911 niteris
2404 2844 2808 2934 impugnare,
2834 2819 3108 2953 ξὲῗιῗὲξῦγ

709 2969 903 3033 quem
961 2968 1301 3033 nunquam
1360 2946 1607 3033 poteris
1666 2951 2095 3032 expugnare?
2188 2947 2367 3027 Quid
2428 2950 2674 3015 totiens
2742 2957 2811 3017 et

707 3052 950 3116 totiens
991 3051 1079 3115 ad
1125 3050 1547 3115 vinciendum
1592 3049 1860 3114 vincula
1903 3054 2139 3128 mutas,
2187 3054 2257 3114 et
2314 3072 2356 3115 8
2414 3056 2481 3117 te
2542 3053 2811 3121 vincula

708 3155 945 3240 quibus
990 3176 1075 3219 ex
1121 3153 1357 3217 merito
1401 3156 1537 3217 tuae
1581 3152 1934 3238 pravitatis
1981 3174 2049 3217 88
2109 3151 2338 3218 vincta
2393 3173 2529 3219 non
2588 3157 2809 3240 potius

709 3259 974 3320 mutas?
1066 3254 1252 3319 Collo
1315 3253 1484 3337 justi
1546 3252 1687 3316 lora
1751 3257 1872 3317 tua
1935 3252 2192 3337 imponi
2257 3260 2585 3331 verentur,
2634 3258 2809 3341 quod

711 3359 928 3443 ipsum
980 3357 1146 3443 jugo
1193 3355 1442 3423 Christi
1502 3354 1873 3439 subjectum
1918 3376 2056 3419 esse
2118 3355 2321 3440 digna
2380 3358 2807 3424 veneratione

711 3462 1120 3524 contuentur.
1214 3458 1489 3522 Manicae
1535 3461 1671 3521 tuae
1716 3456 2021 3521 manibus
2067 3456 2208 3540 ejus
2255 3458 2453 3523 inseri
2483 3466 2807 3539 metuunt,

716 3561 873 3647 quia
934 3562 1007 3625 in
1070 3559 1370 3625 fovendis
1413 3559 1812 3645 pauperibus
1858 3580 1966 3624 cas
2011 3564 2303 3625 exsertas
2347 3560 2548 3629 fuisse
2594 3568 2810 3629 atten-

713 3664 898 3729 dunt.
990 3662 1369 3727 Trementes
1413 3666 1662 3728 catenae
1707 3661 1905 3747 pedes
1949 3681 2192 3727 nexare
2252 3663 2571 3742 devitant,
2617 3688 2810 3752 prop-

712 3770 893 3831 terea
938 3764 1116 3850 quod
1158 3763 1305 3828 illos
1348 3763 1436 3829 ad
1495 3783 1722 3849 pacem
1780 3762 2267 3880 praedicandam
2327 3765 2578 3832 veloces
2638 3768 2808 3831 exti-

712 3871 870 3935 tisse
948 3868 1377 3937 considerant.
1503 3867 1747 3932 Omnes
1824 3887 1977 3953 ergo
2062 3867 2236 3932 vires
2326 3874 2475 3934 tuas
2564 3870 2810 3936 frustra

712 3973 1062 4059 dispendis,
1131 3992 1281 4037 cum
1348 3970 1555 4047 illum,
1633 3990 1828 4054 quem
1901 3988 2318 4055 nequaquam
2393 3971 2809 4057 permitteris,

710 4082 1014 4161 torquere
1061 4074 1417 4142 contendis.

801 4179 1049 4243 Beatus
1107 4182 1332 4243 autem
1393 4175 1754 4254 wilfridus,
1818 4175 1974 4241 11081,
2034 4174 2462 4240 carceralibus
2522 4177 2812 4243 tenebris
2839 4178 3067 4298 ξὶῑέτιέ
3068 4194 3133 4295 ‘ln

714 4281 1070 4359 involutus,
1118 4302 1407 4366 quosque
1466 4285 1691 4345 tamen
1749 4279 2258 4345 adventantium
2317 4277 2565 4344 lumine
2625 4281 2813 4344 verbi
2841 4314 3033 4378 prison

715 4383 860 4461 Dei,
906 4388 1103 4501 prout
1148 4384 1210 4448 ei
1254 4382 1458 4461 licuit,
1507 4380 1929 4461 illuminavit,
1976 4381 2254 4459 edocuit,
2300 4402 2377 4447 ac
2421 4381 2816 4467 baptismate

718 4488 804 4552 ab
849 4487 1030 4551 omni
1076 4486 1421 4555 criminum
1467 4486 1614 4551 labe
1660 4484 2025 4550 mundavit.

789 4664 808 4697 ¹
842 4664 1047 4729 mortes]
1077 4670 1308 4723 mortem,
1330 4662 1400 4711 A.
1758 4661 1775 4794 ι
1877 4660 1900 4692 ³
1931 4661 2283 4728 consumenda]
2333 4663 2679 4725 consumendi,
2701 4663 2817 4714 MS.

788 4743 811 4776 ²
853 4741 1058 4809 Tydlin]
1089 4741 1281 4804 Tidlin,
1304 4742 1372 4791 A.
