3600 5800
741 1511 1093 1603 VITA
1187 1510 1937 1662 WILFRIDI
2029 1514 2745 1609 EPISCOPI

1602 1730 1897 1780 AUCTORE

1430 1895 2101 1987 EADMERO.

706 2269 967 2358 Incipit
1008 2270 1339 2357 Proloyus
1380 2270 1467 2337 in
1509 2269 1726 2337 vitam
1754 2268 1995 2337 Sancti
2036 2268 2346 2356 Wilfm’d‘e',
2374 2268 2809 2336 Eboracensis

1233 2372 1711 2459 archiepiscopi
1753 2379 1814 2438 et
1857 2371 2253 2458 confessoris.

789 2515 1150 2593 Britannia,
1229 2535 1426 2600 quam
1488 2513 1708 2600 Angli,
1770 2513 1968 2580 victis
2042 2535 2085 2579 a
2150 2536 2219 2579 se
2278 2512 2809 2600 proturbatisque
2835 2519 2949 2600 The
2961 2519 3148 2571 author

707 2617 1058 2693 Britannia
1113 2615 1427 2702 Angliam
1480 2619 1722 2680 vocant
1773 2619 1845 2679 et
1897 2613 2209 2693 incolunt,
2272 2615 2450 2680 omni
2500 2637 2584 2682 ex
2624 2620 2811 2701 parte
2836 2603 3054 2704 ζξζζῗὲ

704 2740 939 2784 oceano
983 2719 1216 2795 cincta,
1263 2721 1403 2782 tam
1450 2716 1765 2802 ingenitis
1811 2738 2011 2802 quam
2058 2722 2127 2782 et
2169 2718 2606 2803 undecunque
2650 2717 2812 2783 alla-

706 2821 790 2886 tis
832 2822 1089 2887 divitiis
1141 2820 1430 2886 mirabili
1476 2820 1664 2907 copia
1714 2821 2088 2907 antiquitus
2135 2822 2579 2903 exuberabat3
2646 2844 2811 2908 quae,

705 2931 783 2990 ut
841 2925 1121 2993 terrenis
1188 2946 1408 2991 rerum
1476 2925 1696 3011 copiis,
1767 2924 1868 2990 ita
1930 2947 2189 3013 quoque
2256 2926 2815 2993 sanctissimorum

707 3029 996 3094 virorum
1065 3049 1308 3114 magna
1360 3027 1764 3093 fecunditate
1809 3027 2113 3114 pollebat.
2208 3028 2502 3110 Quorum
2550 3029 2816 3115 exigen-

706 3131 883 3197 tibus
927 3130 1198 3208 meritis,
1231 3132 1304 3195 in
1348 3135 1612 3196 tantum
1641 3130 1861 3216 gratia
1893 3130 2023 3197 Dei
2070 3131 2562 3219 omnipotentis
2605 3138 2817 3198 totam

705 3231 987 3298 insulam
1035 3231 1174 3297 Sua
1236 3231 1691 3297 munificentia
1735 3230 2086 3309 decoravit,
2133 3236 2213 3296 ut
2272 3237 2342 3297 et
2384 3231 2601 3299 cultus
2647 3232 2818 3298 circa

706 3331 831 3398 Dei
898 3332 1286 3417 obsequium
1348 3332 1854 3418 circumquaque
1917 3331 2507 3417 multiplicaretur;
2568 3336 2637 3396 et
2695 3354 2814 3409 ree,

706 3438 845 3498 tam
918 3433 1202 3519 publicae
1278 3453 1476 3518 quam
1551 3432 1925 3509 familiares,
1992 3431 2208 3497 multa
2268 3452 2442 3517 pace,
2510 3430 2815 3516 felicique

707 3534 1135 3619 prosperitate
1178 3533 1564 3599 fruerentur.

798 3633 930 3699 Sed
997 3634 1305 3719 quoniam
1350 3633 1523 3698 nihil
1586 3633 1767 3699 omni
1836 3653 1921 3698 ex
1964 3638 2151 3719 parte
2196 3632 2558 3719 perfectum
2619 3653 2812 3698 mun-

709 3733 897 3799 danis
942 3735 1135 3800 rebus
1200 3740 1445 3801 natura
1507 3733 1841 3812 concessit,
1905 3755 2076 3800 caeca
2139 3734 2544 3800 dominatrix
2604 3734 2812 3801 animi

706 3834 1047 3921 cupiditas,
1095 3835 1255 3900 dum
1318 3835 1653 3900 interdum
1702 3835 2018 3920 quosdam
2063 3834 2150 3900 ad
2192 3833 2318 3902 hoc
2380 3835 2811 3921 perduxisset,

705 3940 784 3999 ut
825 3936 961 4000 suis
1006 3935 1200 4001 rebus
1244 3936 1539 4002 contenti
1586 3957 1723 4001 esse
1765 3935 2135 4015 nescirent3
2178 3935 2358 4020 pacis
2402 3936 2817 4001 munimenta

705 4037 993 4125 dirupit;
1052 4060 1189 4125 pax
1233 4038 1502 4126 dirupta
1545 4039 1825 4125 rapinas,
1871 4038 2192 4116 incendia,
2223 4038 2592 4117 seditioneS,
2624 4038 2812 4117 bella,

704 4142 1127 4228 omniumque
1193 4141 1513 4207 bonorum
1589 4142 1848 4209 excidia
1920 4141 2211 4228 peperit:
2287 4162 2435 4227 quae
2508 4163 2812 4207 nonnun-

705 4265 905 4330 quam
949 4266 992 4310 a
1035 4245 1279 4312 sanctis
1325 4245 1619 4332 ejusdem
1664 4244 2024 4331 provinciae
2069 4245 2235 4310 viris
2304 4244 2586 4325 detrita3
2647 4265 2810 4311 non·

705 4368 1048 4433 nunquam
1091 4347 1255 4434 ipsis
1299 4349 1373 4413 in
1416 4349 1812 4415 immensum
1857 4347 2051 4413 malis
2096 4347 2552 4427 crescentibus,
2599 4348 2650 4412 ii
2695 4348 2813 4434 qui

705 4450 883 4515 mala
926 4449 1249 4518 deterrere
1292 4452 1733 4519 moliebantur
1776 4451 1965 4517 varia
2007 4472 2276 4517 casuum
2321 4450 2814 4538 perturbatione

704 4554 937 4619 attriti.
1031 4554 1211 4619 Dum
1280 4556 1457 4621 enim
1518 4555 1817 4621 studium
1883 4576 2076 4620 suum
2141 4554 2214 4619 in
2258 4576 2335 4621 eo
2398 4554 2813 4643 potissimum
2836 4563 2947 4615 The
2968 4565 3106 4630 good

707 4660 1039 4738 ponerent,
1085 4676 1169 4722 ne
1232 4678 1686 4743 perversorum
1753 4654 2100 4721 hominum
2174 4655 2494 4742 pravitati
2570 4656 2813 4723 amissa
2837 4632 3040 4748 ’ἓξὲξ

705 4754 809 4819 sui
853 4760 1068 4824 status
1113 4756 1512 4826 rectitudine
1572 4757 1914 4837 cederent3
1974 4757 2262 4842 dumque
2324 4756 2425 4823 illi
2470 4780 2506 4825 e
2551 4758 2811 4826 diverso
2836 4763 2967 4816 have
2983 4779 3147 4817 some-

2495 4878 2538 4926 L
