3600 5800
566 1867 663 1918 His
685 1868 861 1945 prison

564 1934 844 1985 ismiracu-
874 1959 899 1987 ο

562 2001 730 2077 lously
746 2001 861 2051 illu-

563 2065 800 2119 minated.

482 2416 487 2423 -
565 2384 836 2437 Johni.9.

566 3210 677 3259 The
700 3207 826 3275 king

565 3274 618 3324 in
642 3274 759 3325 vain

564 3344 688 3390 tries
710 3350 765 3390 to

565 3406 705 3456 bribe
728 3405 834 3457 Wss

564 3472 667 3523 frid
684 3480 738 3522 to
762 3475 879 3524 sub-

565 3539 796 3590 mission.

902 857 986 921 52
1428 928 1435 932 ‚
1508 867 1673 918 vrrs
1719 844 2044 917 ivurmm
2093 864 2394 918 Errscom

900 1042 1087 1129 regis,
1120 1048 1199 1109 ut
1227 1040 1605 1128 pontificem
1649 1039 1994 1119 sanctum,¹
2025 1060 2176 1105 eum
2221 1040 2338 1126 qui
2382 1047 2545 1107 tunc
2588 1041 2674 1107 ob
2714 1041 3006 1108 maxima

900 1146 1055 1211 fidei
1102 1146 1340 1211 merita
1406 1144 1631 1210 lumen
1676 1145 2074 1210 Brittanniae
2121 1142 2252 1227 dici
2313 1144 2551 1230 potuit,
2599 1146 2672 1209 in
2734 1146 3003 1211 abscon·
3043 1174 3052 1179 ·

902 1247 1062 1311 ditis
1081 1244 1107 1285 ²
1160 1247 1318 1311 locis
1381 1252 1555 1311 tetra
1621 1245 1902 1343 caligine
1965 1245 2343 1322 obscuratiS‚
2390 1245 2577 1311 nullo
2645 1247 3004 1313 amicorum

902 1350 1162 1427 sciente,
1210 1349 1562 1436 diligenter
1606 1349 1980 1415 custodiret.
2059 1349 2293 1415 Comes
2323 1355 2546 1414 autem
2592 1351 3006 1435 supradictus

900 1453 1040 1539 regi
1085 1453 1314 1530 fidelis,
1353 1453 1545 1538 jussu
1610 1454 1751 1538 ejus
1798 1458 2092 1539 urgente,
2140 1453 2213 1517 in
2275 1452 2620 1519 latebrosis
2667 1453 2842 1531 locist,
2891 1453 3007 1519 ubi

900 1573 1047 1617 raro
1093 1553 1188 1617 sol
1219 1574 1335 1639 per
1380 1554 1555 1618 diem
1616 1552 1858 1631 illuxit,
1883 1560 1977 1618 'et
2017 1553 2270 1640 lampas
2333 1553 2406 1617 in
2450 1553 2762 1618 honorem
2805 1559 3005 1619 noctu

900 1674 1035 1745 non
1110 1653 1504 1731 accenditur,
1567 1674 1716 1719 cum
1780 1653 2163 1718 custodibus
2240 1655 2561 1723 servabat.
2686 1653 3018 1719 Custodes·

901 1778 1056 1823 vero
1093 1758 1349 1844 jugiter
1392 1758 1822 1845 psalmodiam
1870 1758 2080 1823 sancti
2126 1756 2413 1822 hominis
2459 1756 2585 1821 Dei
2647 1759 3004 1835 audientes,

900 1867 969 1926 et
1014 1861 1316 1927 videntes
1384 1863 1456 1926 in
1524 1862 1799 1929 obscura
1842 1866 2033 1927 nocte
2102 1860 2370 1926 domum
2411 1861 2598 1926 intus
2661 1861 3003 1939 lucentem,

900 1964 1086 2049 quasi
1152 1986 1270 2051 per
1331 1964 1523 2043 diem,
1589 1964 1895 2030 omnibus
1956 1964 2377 2031 sanctitatem
2440 1964 2582 2050 ejus
2646 1971 3004 2043 narranteS‚

898 2066 1210 2132 timorem
1229 2062 1256 2106 ³
1304 2066 1658 2154 stupefacti
1704 2067 2130 2133 incutierunt.
2133 2066 2161 2104 ⁴·

989 2167 1049 2233 O
1112 2168 1337 2234 lumen
1397 2174 1734 2246 aeternum,
1801 2166 2082 2246 Christe,
2154 2167 2285 2247 Qui
2348 2188 2693 2254 nunquam
2757 2168 3006 2233 deseris

898 2269 1285 2337 confitentes
1331 2267 1440 2348 Te,
1488 2271 1602 2335 sed
1649 2269 1781 2351 Qui
1828 2269 1948 2335 lux
1993 2288 2155 2334 vera
2198 2268 2499 2346 crederis,
2548 2275 2617 2335 ct
2671 2268 3006 2335 illuminas

900 2392 1164 2438 omnem
1228 2370 1569 2439 hominm
1630 2372 2000 2438 venientem
2059 2371 2144 2437 ’ἱπ
2188 2371 2366 2437 hunc
2431 2371 2825 2451 mundum;
2873 2371 3006 2451 Qui

898 2474 972 2538 in
1034 2473 1392 2559 primordio
1455 2473 1834 2539 nativitatis
1879 2472 2092 2538 futuri
2137 2472 2372 2538 famuli
2418 2470 2545 2537 Tui
2600 2423 2828 2539 horam
2875 2494 3007 2558 qua

901 2573 983 2638 de
1030 2573 1236 2639 vulva
1298 2572 1527 2640 matris
1589 2572 2049 2661 egrediebatur
2108 2575 2303 2660 igneo
2349 2573 2694 2659 splendore
2757 2575 3007 2660 consig-

902 2676 1145 2755 nabas3
1189 2698 1369 2742 nunc
1412 2677 1486 2742 in
1532 2684 1724 2743 antro
1769 2676 1995 2742 nimiae
2042 2674 2462 2742 obscuritatis
2508 2678 2723 2743 oranti
2796 2676 3006 2743 lucem

901 2776 1213 2864 angelicae
1260 2778 1662 2843 visitationis
1709 2776 2020 2843 adhibere
2066 2777 2381 2863 dignatus
2425 2799 2508 2853 es,
2576 2778 2750 2843 sicut
2814 2777 3008 2844 Petro

901 2879 1217 2964 Apostolo
1293 2878 1450 2958 Tuo,
1512 2880 1597 2946 ab
1665 2879 1950 2945 Herode·
1992 2879 2197 2965 impio
2263 2898 2414 2965 rege
2480 2877 2854 2958 cathenato,
2934 2880 3007 2944 in

901 3000 1151 3045 carcere
1212 2981 1505 3067 Angelus
1550 2980 1821 3046 Domini
1882 2980 2160 3057 adstitit,
2209 2986 2276 3044 et
2337 2978 2557 3044 lumen
2618 2979 2876 3045 refulsit
2938 2982 3008 3045 in

902 3078 1312 3158 habitacu103
1357 3082 1448 3146 sit
1492 3080 1640 3145 Tibi
1686 3081 1896 3167 gloria
1941 3087 2009 3146 et
2052 3081 2415 3167 gratiarum
2461 3081 2633 3145 actio
2665 3087 2676 3143 l

996 3182 1077 3246 In
1144 3184 1286 3268 ipso
1307 3184 1331 3221 ⁵
1394 3184 1706 3270 temporis
1783 3184 2014 3270 spatie,
2081 3204 2210 3267 quo
2287 3205 2436 3247 eum
2515 3184 2858 3248 detentum
2935 3185 3007 3248 in

907 3283 1202 3349 custodia
1264 3285 1404 3349 sine
1467 3284 1687 3371 aliquo
1748 3284 1994 3350 honore
2059 3305 2177 3349 rex
2240 3282 2493 3360 habuit,
2557 3284 3004 3369 episcopatum
3119 3293 3128 3302 '

907 3408 990 3450 ex
1059 3392 1263 3472 parte,
1310 3409 1504 3472 quem
1568 3388 1749 3473 prius
1814 3386 2204 3473 possidebat,
2272 3392 2341 3450 et
2417 3385 2590 3450 dona
2665 3385 2798 3452 alia
2871 3407 3006 3453 non

906 3487 1317 3554 mediocriter
1361 3488 1806 3574 promittebat,
1853 3488 1909 3553 si
1949 3484 2354 3573 jussionibus
2416 3492 2486 3551 et
2530 3487 2818 3552 censuris
2865 3488 3005 3573 ejus

903 3587 1306 3674 acquiescere
1382 3587 1735 3667 voluisset,
1812 3593 1883 3653 et
1931 3591 2214 3662 ,statuta
2287 3586 2616 3665 canonica,
2696 3608 2845 3672 quae
2919 3588 3005 3653 ab

902 3689 1281 3776 Apostolica
1325 3689 1476 3757 sede
1521 3691 1720 3757 missa
1762 3691 1960 3772 sunt(
1974 3690 2241 3778 eligeret
2287 3689 2606 3776 denegare
2651 3711 2790 3756 esse
2833 3712 3003 3757 vera.

902 3792 1025 3859 Ille
1070 3794 1157 3859 ad
1198 3792 1342 3861 haec
1385 3793 1741 3873 humiliter,
1774 3799 1844 3860 et
1888 3799 2114 3861 tamen
2143 3814 2294 3860 cum
2323 3793 2567 3859 fiducia
2610 3792 3004 3880 Apostolicae

903 3894 1333 3972 auctoritatis,
1380 3894 1735 3981 respondit,
1768 3895 1951 3982 prius
1997 3916 2065 3959 se
2112 3895 2327 3981 capite
2373 3893 2815 3960 truncandum
2851 3915 3004 3972 esse,

906 4015 1104 4080 quam
1149 3994 1221 4061 id
1280 4015 1573 4082 unquam
1635 3993 1932 4061 confiteri
1976 3994 2161 4061 velle.
2256 3993 2420 4061 Ecce
2482 3994 2655 4061 bona
2698 3994 3006 4062 voluntas

905 4119 1054 4184 quae
1099 4098 1317 4165 Deum
1360 4100 1571 4178 novit,
1619 4099 1958 4165 immutari
2003 4118 2139 4164 non
2183 4098 2447 4186 potest.⁶

2959 4207 2984 4240 4

2257 4274 2296 4281 ⁴·

978 4379 991 4408 ¹
1028 4377 1271 4445 sanctum]
1303 4384 1555 4438 nostrum,
1578 4377 1646 4427 A.
2067 4374 2087 4406 ὅ
2122 4374 2260 4439 ipso]
2291 4389 2431 4440 ergo,
2453 4375 2547 4422 ins.
2571 4375 2641 4424 A.

973 4456 995 4489 2
1028 4459 1078 4506 in
1104 4453 1431 4522 absconditis]
1462 4471 1562 4506 οιιι.
1588 4458 1657 4506 A.
1829 4483 1832 4486 >
2067 4452 2087 4484 ⁶
2121 4451 2246 4504 This
2271 4452 2582 4516 description
2623 4453 2667 4503 is
2706 4454 2873 4519 partly
2896 4455 3010 4504 bor-

976 4536 998 4568 ³
1033 4533 1267 4601 timorem]
1298 4535 1499 4594 timore,
1522 4534 1590 4585 A.
2003 4534 2174 4584 rowed
2194 4532 2327 4584 from
2352 4530 2479 4597 Cap.
2503 4531 2648 4582 xxiii.

952 4615 963 4629 ”
979 4615 997 4644 ⁴
1035 4614 1103 4668 So
1128 4614 1181 4664 in
1203 4613 1330 4665 b'oth
1349 4613 1507 4667 MSS.

2917 4735 2950 4756 κ’
