3600 5800
801 884 936 947 282
1318 890 1681 946 MIRAOULA
1725 895 1971 945 simon
2015 895 2050 946 J
2053 893 2380 957 OHANNIS,

890 1088 1158 1154 Praefati
1205 1088 1431 1174 itaque
1476 1088 1760 1154 doctoris
1807 1109 2065 1154 morum
2111 1088 2240 1175 pise
2286 1087 2714 1154 sollicitudini
2760 1110 2918 1155 mox

801 1191 1076 1256 insidias
1138 1189 1594 1256 fraudulenter
1660 1190 1969 1256 inimicus
2034 1190 2355 1269 obtendit,
2423 1197 2492 1257 et
2556 1191 2915 1271 incautum,

803 1295 996 1361 solito
1040 1315 1218 1360 more
1264 1315 1398 1372 su0‚
1448 1314 1584 1359 non
1623 1293 1712 1359 ad
1758 1293 2217 1410 decipiendum
2262 1293 2465 1380 piger,
2510 1293 2916 1379 illaqueavit.

463 1406 546 1457 He
567 1406 723 1457 fans·
707 1422 762 1458 m
804 1397 1046 1492 Injecit
1090 1396 1267 1461 enim
1324 1395 1598 1482 juvenis
1650 1394 1763 1460 ille
1827 1395 2047 1461 oculos
2113 1395 2187 1459 in
2231 1395 2575 1480 cujusdam
2621 1396 2920 1462 formosae

465 1474 517 1537 ¹9
486 1489 597 1537 ov,e
801 1499 1082 1585 virginis
1126 1497 1378 1580 faciem,
1423 1518 1582 1562 mox
1642 1503 1712 1562 et
1771 1518 1918 1563 eam
1978 1496 2184 1583 coepit
2233 1497 2525 1582 juvenili
2570 1498 2921 1565 dilectione

801 1602 1293 1686 concupiscere.
1362 1601 1573 1666 crevit
1617 1600 1913 1685 quotidie
1974 1599 2145 1665 male
2189 1605 2409 1686 coepta
2453 1602 2803 1687 suggestio,
2852 1608 2921 1667 et

800 1703 1137 1770 voluntati
1200 1702 1626 1768 multimodas
1688 1702 1867 1766 vires
1928 1701 2415 1782 administrans,
2474 1703 2918 1789 adimplendae

802 1807 1167 1893 voluptatis
1211 1804 1469 1872 facinus
1513 1825 1622 1870 cor
1667 1803 1955 1870 hominis
1985 1805 2290 1889 nequiter
2328 1804 2563 1883 illexit,
2611 1805 2668 1869 si
2713 1805 2917 1872 facul-

801 1915 908 1976 tas
981 1909 1327 1995 virtusque
1404 1907 1725 1973 desiderio
1810 1912 2205 1994 suppeteret.
2327 1908 2507 1974 Hinc
2579 1908 2781 1974 timor
2853 1915 2921 1975 et

801 2011 1214 2091 verecundia,
1259 2011 1416 2076 hinc
1473 2010 1758 2075 furentis
1821 2014 1891 2075 et
1950 2010 2318 2077 inconsueti
2364 2011 2606 2077 amoris
2650 2011 2924 2078 lascivia

795 2116 938 2202 jam
984 2115 1265 2181 interius
1310 2113 1697 2200 aegrotantis
1736 2113 2272 2230 perstringebant
2316 2118 2595 2200 pectora
2690 2114 2921 2182 Occul-

466 2212 570 2262 and
592 2225 650 2262 ev
623 2227 766 2279 very-
803 2219 994 2284 tabat
1046 2218 1189 2304 jam
1234 2216 1434 2281 miser
1479 2214 1750 2282 effectus
1811 2214 2009 2280 homo
2065 2215 2220 2282 caeci
2272 2216 2514 2281 furoris
2559 2217 2921 2297 libidinem,

466 2278 762 2464 ngoes
805 2323 922 2407 qui
965 2326 1217 2407 quanto
1270 2317 1584 2387 occultior
1643 2322 1836 2384 tanto
1900 2318 1987 2383 ad
2048 2316 2422 2384 nocendum
2484 2321 2921 2406 perniciosior.

467 2428 534 2463 Vl
673 2430 722 2463 m

806 2422 1032 2508 Coepit
1106 2421 1282 2488 illico
1355 2421 1533 2507 rigor
1608 2420 1976 2506 disciplinae
2052 2418 2457 2487 scholasticae
2532 2420 2919 2497 mollescere,

731 2590 746 2597 ,
804 2524 1150 2608 fervorque
1227 2522 1436 2587 studii
1496 2521 1772 2587 literalis
1835 2527 2206 2608 tepescere3
2267 2527 2667 2638 putaresque
2712 2523 2922 2589 homi-

803 2648 957 2692 nem
1001 2646 1137 2691 non
1196 2624 1476 2690 minima
1533 2624 1925 2691 infirmitate
1990 2623 2434 2710 languentem,
2481 2625 2670 2711 cujus
2713 2626 2923 2712 pallor

805 2733 876 2794 et
917 2727 1099 2793 foeda
1142 2727 1381 2794 macies
1416 2725 1786 2813 juvenilem
1818 2726 2367 2793 dehonestaverat
2411 2726 2661 2792 faciem.
2741 2726 2915 2807 Quid

806 2832 1063 2909 faceret,
1110 2830 1221 2896 vel
1264 2830 1441 2917 quod
1501 2829 1920 2918 potissimum
1979 2828 2341 2894 infortunio
2394 2834 2584 2893 tanto
2629 2829 2921 2895 solamen

810 2936 1137 3012 existeret,
1169 2933 1434 3021 penitus
1465 2934 1848 3020 ignorabat3
1893 2933 2202 3018 quoniam
2237 2932 2381 3017 jam
2418 2933 2523 2997 sui
2566 2933 2917 3019 incompos,

808 3037 1217 3103 imminentis
1261 3058 1478 3124 poenae
1524 3037 1634 3103 vel
1695 3036 1931 3101 mortis·
1988 3021 2352 3121 periculum
2414 3035 2727 3120 utrinque
2789 3036 2919 3100 for-

808 3140 1147 3221 midabat;
1209 3144 1330 3206 aut
1391 3139 1568 3205 enim
1633 3139 1902 3225 spiritui
1963 3137 2429 3215 fornicationis,
2476 3137 2664 3223 cujus
2727 3137 2919 3204 furiis

473 3264 614 3315 Psal.
637 3262 783 3315 xxxi.
809 3244 1190 3331 agitabatur
1265 3242 1560 3321 interius,
1627 3244 2124 3328 obtemperaret,
2194 3245 2263 3307 61
2326 3239 2687 3308 efficeretur
2747 3241 2923 3308 sicut

475 3337 524 3382 ⁹·
811 3368 1021 3432 cqwus
1064 3352 1124 3412 et
1166 3345 1416 3424 mzdus,
1464 3344 1711 3433 quibus
1752 3366 1900 3411 ‘rw‘n
1942 3349 2034 3410 est
2076 3342 2495 3423 intellectum
2556 3348 2679 3409 aut
2720 3344 2922 3410 forni-

809 3449 1135 3516 cationem
1203 3448 1479 3536 fugiens,
1544 3469 1744 3533 quam
1803 3447 2015 3512 totius
2076 3446 2520 3512 immunditiae
2583 3453 2926 3534 suggestor

811 3552 1312 3637 quibuscunque
1384 3550 1473 3616 ad
1546 3550 1766 3615 Deum
1840 3548 2310 3615 anhelantibus
2387 3548 2660 3615 exitiale
2734 3551 2926 3635 ponit

809 3652 1293 3733 offendiculum,
1355 3652 1706 3740 corporalis
1770 3651 2153 3717 detrimenti
2213 3672 2494 3738 poenam,
2540 3651 2651 3717 vel
2701 3652 2924 3738 potius

810 3755 1255 3824 irrevocabilis
1298 3755 1462 3823 vitae
1505 3755 1705 3821 finem
1749 3745 2277 3841 lacrymabilem,
2307 3774 2726 3840 nequaquam
2771 3775 2924 3820 eva-

810 3860 1009 3926 deret.

901 3962 1059 4028 Non
1103 3961 1380 4049 pertulit
1441 3960 1710 4028 Divinae
1771 3957 2262 4046 propitiationis
2322 3958 2688 4025 misericors
2731 3958 2926 4026 mise-

810 4066 1094 4133 ricordia
1154 4063 1489 4130 hominem
1550 4061 1947 4140 interiorem,
2000 4061 2278 4148 imagini
2342 4059 2465 4126 Sui
2528 4060 2750 4147 Ipsius
2801 4062 2925 4127 im-
3006 4092 3021 4098 -

810 4190 1126 4255 pressum,
1201 4166 1433 4233 fraude
1508 4164 1833 4231 diabolica
1895 4164 2419 4231 circumventum
2488 4169 2558 4228 et
2618 4164 2927 4230 atrociter

673 4317 686 4326 -
810 4272 1251 4349 vulneratum,
1298 4267 1592 4346 ulterius,
1638 4289 1723 4333 ne
1763 4266 2034 4354 penitus
2062 4266 2609 4353 pefflumdaretun
2641 4265 2927 4353 fatigari.

814 4375 1065 4441 Divino
1109 4373 1336 4458 itaque
1399 4370 1836 4440 commonitus
1867 4369 2209 4447 instinctu,
2256 4368 2554 4448 interius,
2602 4369 2926 4434 exterius-

813 4499 942 4563 que
1020 4496 1156 4541 non
1231 4473 1644 4539 mediocriter
1717 4477 2059 4559 aegrotans,
2125 4471 2212 4536 ad
2285 4471 2621 4558 potentis
2597 4468 2624 4509 ¹
2691 4471 2926 4536 medici
2980 4520 2993 4525 -

815 4578 1217 4665 suffragium,
1296 4573 1484 4661 quasi
1560 4575 1646 4642 ad
1720 4574 2034 4661 asylum²
2096 4574 2409 4660 confugit,
2474 4553 2927 4641 beatissimum

882 4807 899 4839 ¹
926 4807 1173 4873 potentis]
1203 4806 1495 4872 petendum,
1518 4805 1586 4855 A.
1854 4804 1865 4871 Ι
1983 4803 2004 4835 ²
2036 4801 2255 4869 asylum]
2283 4803 2549 4866 auxilium,
2570 4803 2642 4852 A.
