3600 5800
1240 864 1555 917 EIUSDEM
1602 866 1845 917 SANOTI
1891 866 2145 917 mnus,
2613 853 2739 916 325

633 1051 1030 1128 clericorum,
1110 1050 1538 1129 sacerdotum,
1639 1053 2110 1137 episcoporum,
2185 1050 2465 1116 aliorum
2541 1072 2739 1137 quam
2765 1064 2853 1112 the
2875 1070 3041 1128 crypt,

635 1153 1083 1239 plurimorum,
1130 1153 1556 1238 reginamque
1602 1158 1981 1221 coronatam
2027 1152 2496 1219 venerabiliter
2542 1153 2739 1217 simul
2763 1143 3066 1246 ἓξὲξίξῃρω·

636 1256 972 1335 incedero;
1015 1276 1295 1340 cumque
1326 1259 1429 1319 ter
1457 1255 1843 1321 circuissent
1872 1256 2225 1333 ecclesiam,
2258 1255 2737 1341 disparuerunt.
2765 1262 2882 1312 with
2906 1278 2938 1311 a
2961 1234 2976 1257 ³

636 1356 834 1421 Unde
879 1355 1210 1442 colligitur
1256 1355 1647 1445 Sanctorum
1712 1357 1966 1421 animas
2028 1358 2168 1423 loca
2211 1378 2393 1423 sacra
2437 1357 2736 1433 invisere,
2764 1343 2943 1393 queen,
2966 1331 3058 1379 ἀΰ·

635 1458 709 1522 in
754 1459 993 1544 quibus
1038 1479 1262 1524 eorum
1310 1457 1606 1544 reliquiae
1668 1459 2103 1525 continentur.
2197 1459 2518 1544 Reginam
2582 1481 2737 1523 vero

636 1567 776 1627 tam
874 1561 1228 1629 honorifice
1325 1562 1734 1639 conductam,
1803 1584 2002 1648 quam
2077 1581 2425 1647 possumus
2517 1562 2738 1626 verius

635 1671 996 1743 autumare,
1042 1665 1171 1730 nisi
1224 1664 1407 1729 illam
1469 1664 1550 1729 de
1611 1686 1742 1750 qua
1786 1686 1905 1750 per
1962 1663 2350 1751 prophetam
2413 1662 2739 1728 Dominus
2764 1674 2874 1753 The
2896 1692 3058 1740 queen

636 1768 815 1845 dicit,
860 1766 1100 1833 Astitit
1130 1766 1373 1853 regina
1418 1788 1467 1833 α
1514 1763 1765 1832 deaet‘ris
1815 1767 1899 1831 in
1945 1765 2183 1832 vestitu
2230 1765 2574 1843 deaurato,
2606 1765 2736 1831 cir-
2763 1743 2970 1858 'lesssseed

636 1870 956 1937 cumdata
984 1869 1319 1947 υατηῖειαίο,
1366 1869 1677 1935 videlicet
1736 1874 1965 1939 sancta
2009 1868 2137 1932 Dei
2185 1869 2477 1955 genitrix
2529 1867 2734 1953 virgo,
2763 1874 2962 1939 Virgin.

636 1994 784 2057 quae
815 1972 1040 2057 regina
1083 1972 1227 2039 caeli
1287 1993 1440 2036 vere
1508 1971 1907 2047 nominatur,
1973 1975 2042 2036 et
2107 1991 2256 2036 cum
2318 1969 2619 2047 voluerit,
2668 1976 2736 2034 et
2762 1954 2896 2069 fga.
2920 1955 3023 2003 ψ’·

636 2096 785 2141 cum
818 2076 1088 2160 <quibus
1136 2074 1530 2140 Sanctorum
1583 2074 1726 2139 loca
1769 2094 1944 2158 saepe
1990 2094 2110 2138 sua.
2154 2073 2508 2158 praesentia
2552 2073 2734 2138 illus·
2832 2056 2843 2068 ⁸

636 2182 789 2253 trat,
872 2176 1003 2241 nisi
1088 2176 1422 2262 aliquibus
1513 2175 1789 2241 dubium
1868 2175 2176 2240 videatur
2270 2175 2735 2241 Beverlacense

636 2279 1106 2345 monasterium
1152 2301 1409 2346 sacrum
1473 2279 1688 2344 locum
1757 2300 1913 2355 esse,
1961 2283 2193 2363 utpote
2237 2300 2280 2343 a
2323 2285 2461 2344 tam
2508 2283 2735 2344 saneto

632 2382 776 2447 viro
837 2382 1206 2459 fundatum,
1271 2381 1518 2447 scilicet
1587 2379 1971 2446 Oonfessore
2035 2378 2081 2445 J
2082 2379 2344 2446 ohanne
2398 2384 2467 2445 et
2512 2368 2758 2456 ‚Beato‘

632 2482 960 2549 Brithuno
1004 2484 1262 2549 abbate.

723 2585 880 2650 Non
925 2591 1026 2651 est
1083 2584 1476 2662 mirandum,
1522 2591 1824 2653 sanctum
1885 2584 2315 2649 confessorem
2359 2584 2406 2648 J
2409 2583 2733 2649 ohannem
2791 2582 2807 2599 ’

633 2687 846 2753 multa
934 2688 1273 2753 commoda
1348 2688 1732 2774 praestitisse
1831 2687 2224 2763 hominibus,
2289 2707 2445 2761 nam
2531 2688 2732 2751 etiam

633 2789 835 2855 mutis
902 2789 1296 2859 animalibus
1359 2790 1700 2855 commoda
1761 2790 2067 2855 sanitatis
2128 2788 2506 2874 frequenter
2569 2811 2732 2875 prae-

633 2898 782 2959 stat.
877 2893 1066 2979 Scope
1114 2893 1359 2959 etenim
1427 2893 1773 2979 contingit,
1822 2892 1999 2978 quod
2059 2886 2262 2979 pestis
2307 2891 2733 2957 mortalitatis

632 2994 944 3068 animalia
991 3001 1060 3059 et
1105 2996 1386 3081 pecudes
1440 2995 1737 3073 obtinet;
1800 2995 1915 3059 sed
1960 2994 2189 3060 incolae
2246 2995 2730 3078 provinciarum
2761 3006 2836 3056 St.
2860 3007 3000 3058 John

633 3096 1236 3182 circumjacentium
1282 3096 1623 3161 munimen
1669 3095 1885 3160 solent
1930 3094 2242 3170 obtinere,
2290 3096 2555 3179 quando
2617 3118 2731 3161 vo·
2758 3073 2981 3188 2:32¹OE
3004 3075 3062 3124 Οἱ

633 3206 796 3264 vent
849 3198 1093 3265 Sancto
1137 3197 1183 3262 J
1185 3191 1431 3261 ohanni
1478 3197 1560 3262 de
1627 3200 1928 3261 armento
1992 3217 2109 3260 suo
2173 3195 2442 3279 aliquod
2485 3196 2732 3260 animal
2757 3205 2977 3268 plagues.

633 3301 755 3365 tali
818 3306 1001 3385 peste
1069 3298 1445 3384 depressum
1505 3298 1593 3365 ad
1655 3296 2112 3363 liberationem
2166 3303 2586 3375 eaeterorum3
2631 3319 2731 3362 so—

635 3398 904 3485 lentque
952 3400 1266 3466 continuo
1310 3399 1774 3477 convalescere,
1824 3399 2157 3484 pestisque
2203 3398 2358 3462 inde
2402 3397 2729 3483 aufugere,

636 3501 1012 3566 hominibus
1073 3507 1233 3566 vota
1275 3502 1455 3588 apud
1500 3498 1928 3566 Beverlacum
1991 3505 2271 3585 patrono
2323 3521 2442 3563 suo
2505 3505 2730 3565 sancto

638 3603 987 3670 confessori
1051 3603 1097 3668 J
1098 3603 1344 3670 ohanni
1391 3603 1935 3689 persolventibus,
2028 3602 2192 3667 Haec
2260 3601 2449 3666 nobis
2516 3603 2730 3666 solent

635 3705 960 3782 attestari,
1007 3705 1120 3790 qui
1167 3709 1237 3769 et
1283 3705 1425 3771 haec
1482 3706 1740 3791 experti
1786 3709 1959 3781 sunt,
2007 3710 2077 3769 et
2119 3709 2452 3769 noverunt
2495 3703 2609 3791 huj
2617 3727 2726 3769 us-

634 3807 818 3876 modi
862 3812 1023 3874 vota
1065 3806 1297 3874 multis
1340 3807 1681 3897 profuisse.
