3600 5800
1126 856 1543 922 CAPGRAVE'S
1589 872 1748 921 LIFE
1794 872 1882 921 oF
1924 872 2239 920 wlLFmD.
2603 856 2732 919 489

630 1065 865 1130 accepto
938 1057 1398 1114 Christianitatis
1456 1059 1761 1124 vocabulo,
1823 1059 1886 1112 in
1946 1075 2201 1113 vacuum
2274 1059 2575 1111 currerent
2632 1056 2736 1107 aut
2761 1058 2928 1110 Galat.
2946 1056 3002 1107 ii.
3019 1062 3072 1113 2.

630 1151 1041 1205 cucurrissent,
1116 1141 1323 1206 Facta
1376 1146 1477 1206 est
1537 1142 1764 1226 itaque
1835 1143 2129 1227 synodus
2197 1141 2269 1204 in
2338 1136 2734 1203 monasterio
2758 1149 2872 1199 The
2895 1163 3048 1199 coun-

631 1240 856 1306 Hildae
945 1241 1296 1307 abbatissae
1404 1242 1584 1327 apud
1683 1242 2165 1319 streneshalch,
2246 1239 2451 1327 ,quod
2541 1237 2735 1303 modo
2760 1215 2990 1346 alga„

632 1344 954 1430 Whiteby
971 1344 996 1382 ¹
1041 1350 1331 1422 vocatur,
1378 1346 1495 1410 ubi
1543 1355 1790 1427 quaestio
1838 1354 2110 1411 ventilari
2158 1352 2399 1408 deberet
2433 1347 2502 1407 et
2536 1349 2735 1406 termi-

633 1456 797 1510 nari:
849 1447 966 1512 ubi
1012 1451 1466 1513 convenerunt
1523 1470 1709 1534 reges
1764 1447 1949 1514 Oswi
2010 1452 2080 1511 et
2124 1446 2302 1510 filius
2347 1446 2490 1530 ejus
2533 1442 2736 1507 Alfn‘-

632 1548 773 1625 dUS,
807 1553 875 1614 et
897 1547 924 1587 ²
951 1549 1293 1615 Ailbertus
1324 1550 1684 1636 episcopua,
1731 1577 1866 1614 cum
1904 1558 2085 1613 Beato
2132 1554 2426 1611 wilfrido.
2523 1552 2741 1608 Contra
2762 1565 2998 1625 mmet,

634 1675 779 1730 quos
815 1657 1168 1714 Colmannus
1202 1652 1543 1738 episeopus
1580 1678 1713 1716 cum
1751 1660 1873 1715 suis
1909 1657 2139 1714 clericis
2176 1657 2358 1721 venit,
2398 1662 2458 1710 et
2493 1653 2738 1708 Hildam
2762 1646 2872 1695 ⁰⁸1³·
2896 1647 2947 1681 ¹·

635 1746 987 1803 abbatissam
1023 1752 1196 1803 sectae
1232 1766 1354 1804 suae
1391 1749 1717 1813 fautricem,
1759 1744 1829 1804 et
1858 1737 2233 1824 episcopum
2271 1734 2567 1802 Ceddam
2603 1758 2736 1796 cum

634 1833 905 1904 pluribus
943 1835 1080 1890 aliis
1115 1826 1367 1893 habuit.

726 1924 979 1990 Habito
1022 1933 1246 1994 autem
1284 1938 1540 2004 silentio,
1592 1956 1696 1993 rex
1750 1937 1907 1994 Oswi
1959 1936 2068 1992 tali
2119 1933 2290 1989 modo
2341 1933 2570 1989 locutus
2619 1927 2734 1988 est.
2761 1938 2942 1991 Oswi’s

637 2028 676 2053 ‘⁸
715 2026 1031 2093 Hactenus,
1070 2035 1265 2101 patres
1300 2031 1634 2098 venerandi,
1673 2030 1887 2087 scisma
1919 2029 1983 2084 in
2021 2027 2282 2085 ecclesiis
2319 2026 2539 2082 Christi
2574 2041 2737 2080 exor·
2763 2006 2962 2071 ⁸P000h·

637 2120 674 2144 ‘⁸
713 2123 841 2173 tum
879 2120 1156 2191 quosdam
1205 2123 1401 2179 minus
1436 2124 1673 2179 veritati
1706 2124 2008 2180 studentes
2045 2112 2133 2177 ad
2162 2115 2427 2176 tantum
2458 2130 2739 2174 errorem

640 2212 676 2237 “
713 2209 1003 2280 perduxit,
1043 2216 1110 2267 ut
1146 2213 1335 2269 bisin
1384 2233 1534 2270 anno
1590 2216 1774 2286 (quod
1829 2214 1992 2270 dictu
2041 2215 2204 2268 nefas
2259 2229 2386 2268 esse
2437 2210 2771 2282 probatur)'

640 2293 679 2318 “
716 2296 980 2345 sanctum
1018 2292 1241 2348 Pascha
1264 2294 1616 2350 celebratum
1648 2295 1743 2349 sit.
1818 2293 1930 2362 Qui
1969 2285 2144 2350 enim
2185 2291 2337 2346 viam
2373 2288 2740 2343 individuam

639 2373 678 2398 ‘⁶
717 2370 1095 2441 perveniendi
1119 2373 1194 2427 ad
1225 2374 1408 2429 vitam
1435 2373 1795 2430 solummodo
1834 2374 2133 2429 Christum
2157 2376 2480 2428 noscuntur
2501 2370 2735 2435 habere,

640 2463 679 2489 ‘⁸
720 2461 1036 2517 absurdum
1073 2454 1268 2521 valde
1304 2464 1428 2519 fore
1480 2463 1825 2529 dinoscitur,
1882 2464 2075 2535 ipsum
2128 2462 2427 2518 Christum
2482 2461 2547 2515 in
2603 2459 2740 2515 Suis

640 2541 678 2566 “
718 2541 1014 2609 mysteriis
1040 2544 1191 2600 velle
1227 2544 1461 2617 dissona
1484 2544 1890 2599 observatione
1914 2544 2194 2599 dividere.
2270 2542 2357 2596 Ea
2388 2558 2455 2595 re
2490 2540 2553 2593 in
2587 2539 2739 2594 hanc

641 2623 679 2648 “
718 2639 814 2676 me
865 2627 1219 2682 sententiam
1279 2627 1411 2699 ipsa
1458 2627 1703 2682 rationis
1765 2626 2078 2683 necessitas
2129 2625 2500 2698 potissimum
2555 2622 2738 2687 duxit,

639 2708 678 2732 “
718 2710 1003 2777 quatenus
1028 2711 1338 2783 utriusque
1373 2711 1559 2783 partis
1584 2709 1920 2768 defensores
1957 2729 2075 2767 una
2095 2711 2297 2767 venire
2325 2707 2517 2782 jussio
2544 2711 2745 2762 nostra

641 2792 679 2817 “
718 2793 1165 2864 constringeret,
1208 2813 1343 2868 quo,
1382 2794 1658 2867 utrinque
1682 2796 1912 2851 ratione
1937 2795 2153 2860 audita,
2179 2793 2322 2867 quid
2358 2791 2739 2865 sequendum,

642 2876 680 2903 ‘⁴
720 2874 861 2947 quid
897 2876 1244 2948 fugiendum
1280 2880 1374 2946 sit,
1414 2880 1674 2937 discusso
1709 2897 1907 2937 errore
1945 2898 2227 2954 queamus
2264 2876 2614 2952 inspicere.’'

727 2959 913 3025 Tune
976 2960 1305 3029 Colmanus
1391 2964 1731 3049 episcopus
1775 2964 1913 3027 ait:
1983 2976 2021 3001 “
2047 2969 2327 3035 Pascha,”
2367 2968 2582 3039 inquit,
2644 2969 2682 2994 ‘⁶
2705 2985 2741 3022 a
2767 2966 2982 3018 Colman

641 3049 678 3074 “
719 3056 925 3119 quarta
959 3050 1188 3106 decima
1222 3052 1364 3107 luna
1396 3070 1580 3122 usque
1618 3052 1694 3107 ad
1714 3052 2051 3107 vicesimam
2088 3050 2470 3112 celebramus,
2497 3050 2558 3101 et
2591 3045 2739 3100 cele·
2766 3034 2966 3097 ⁸1³0&ss-

638 3128 677 3152 ‘⁴
718 3126 1002 3181 brandani
1039 3129 1469 3193 confirmamus,
1509 3137 1569 3185 et
1603 3129 1688 3184 ita
1721 3129 1853 3183 fleri
1890 3134 2157 3199 oportere
2194 3118 2419 3183 valida
2458 3115 2740 3181 auctori·
2768 3112 3001 3173 fflmffl'»

639 3209 674 3235 “
704 3207 844 3266 tate
882 3216 1339 3286 comprobamus.
1412 3215 1801 3270 Beatissimus
1841 3215 1999 3269 enim
2026 3215 2323 3271 Johannes
2358 3213 2742 3284 Evangelista
2766 3191 2878 3243 ΟΨ·
2903 3194 2957 3228 ¹⁶

636 3291 677 3316 ‘⁸
717 3289 916 3344 eodem
967 3308 1081 3359 quo
1133 3309 1239 3346 nos
1288 3292 1490 3347 ordine
1545 3291 1691 3347 illud
1745 3292 2082 3356 celebravit,
2123 3298 2184 3347 et
2239 3292 2451 3364 quibus
2505 3290 2743 3363 praefuit

641 3371 680 3396 “
720 3368 981 3424 ecclesiis
1040 3370 1454 3425 celebrandum
1515 3363 1828 3427 instituit
1953 3371 2083 3425 Hoc
2144 3388 2247 3441 per
2311 3370 2738 3425 successionem

640 3457 673 3483 “
707 3454 1081 3513 sanctorum
1117 3459 1378 3513 virorum
1426 3458 1502 3513 ad
1554 3477 1662 3514 nos
1711 3477 1903 3531 usque
1959 3458 2252 3530 perlatum
2309 3454 2380 3514 et
2445 3470 2488 3513 a
2548 3448 2739 3514 nobis

640 3546 675 3573 “
704 3538 1125 3603 observatum
1170 3538 1520 3603 asserimus
1563 3548 1732 3603 nulla
1765 3547 1994 3603 ratione
2028 3545 2426 3603 violandum.”

710 3638 835 3708 Quo
870 3639 998 3693 haec
1035 3644 1095 3694 et
1141 3638 1479 3709 hujusmodi
1527 3639 1810 3694 nonnulla
1856 3639 2108 3703 dicente,
2140 3638 2321 3709 jussit
2368 3657 2473 3695 rex
2508 3637 2740 3694 Ailber-

561 3757 572 3766 -
635 3723 766 3774 tum
803 3710 1178 3797 episcopum
1214 3737 1334 3775 suae
1365 3737 1591 3776 morem
1617 3711 2042 3774 observationis
2078 3719 2151 3773 in
2177 3718 2434 3775 medium
2457 3720 2737 3792 proferre,

637 3804 705 3855 ut
742 3800 1013 3863 sciretur,
1051 3815 1165 3870 quo
1200 3796 1514 3871 principio,
1551 3797 1795 3869 cujusve
1842 3797 2130 3852 niteretur
2171 3797 2540 3853 auctoritatis
2574 3797 2742 3851 insti-

635 3880 881 3935 tutione.
957 3870 1046 3935 Et
1089 3870 1245 3949 ifle3
1293 3881 1329 3906 ‘⁴
1359 3878 1665 3949 Loquatur
1698 3877 2011 3934 wilfridus
2056 3875 2368 3949 presbyter
2414 3877 2541 3932 vice
2587 3894 2737 3941 mea,

640 3962 679 3988 ‘⁴
720 3960 973 4024 obsecro,
1012 3960 1151 4031 quia
1185 3976 1366 4014 unum
1403 3959 1574 4014 ambo
1610 3957 1871 4030 sapimus
1907 3975 2041 4013 cum
2064 3957 2295 4013 caeteris
2330 3957 2435 4028 qui
2467 3957 2567 4012 hic
2601 3958 2742 4012 assi-

638 4045 675 4072 “
716 4043 857 4098 dent
908 4043 1318 4099 ecclesiasticae
1371 4042 1707 4098 traditionis
1765 4040 2104 4105 cultoribus,
2164 4046 2224 4096 et
2278 4041 2380 4096 ille
2430 4040 2644 4096 melius
2681 4047 2741 4097 et

638 4130 676 4155 “
717 4128 1087 4183 manifestius
1124 4127 1253 4199 ipsa
1298 4128 1506 4199 lingua
1543 4126 1889 4197 Anglorum,
1930 4142 2108 4197 quam
2157 4142 2268 4197 ego
2316 4141 2424 4197 per
2456 4125 2743 4194 interpre-

637 4213 676 4240 “
716 4217 857 4276 tem,
895 4215 1095 4283 potest
1137 4210 1449 4282 explanare
1498 4227 1630 4281 quae
1680 4208 2030 4264 sentimus.”
2121 4208 2286 4264 Tunc
2321 4206 2632 4263 wilfridus
2668 4207 2741 4262 ad
2770 4196 3020 4247 Wilffid‘ss

627 4295 855 4367 jussum
894 4294 1054 4365 regis
1092 4312 1353 4360 exorsus,
1393 4293 1741 4350 Colmanum
1790 4310 1909 4347 non
1959 4293 2147 4347 solum
2196 4292 2534 4348 auctoritati
2571 4290 2742 4347 Beati
2766 4263 2966 4328 mh·

637 4379 676 4435 J
677 4378 919 4436 ohannis
970 4378 1113 4433 falso
1161 4378 1274 4433 niti
1322 4383 1527 4450 aperta
1574 4378 1801 4432 ratione
1857 4376 2226 4442 monstravit,
2281 4393 2487 4430 verum
2541 4381 2745 4430 contra

636 4460 982 4528 Johannem,
1034 4466 1241 4518 contra
1276 4460 1533 4533 Legem⁸
1583 4466 1644 4516 et
1693 4459 2107 4532 mangonum,
2144 4477 2373 4515 necnon
2416 4459 2741 4516 doctrinam

705 4702 723 4735 ¹
765 4702 1017 4768 Whiuby]
1058 4700 1304 4763 Withebi,
1325 4701 1387 4751 E.
1409 4702 1474 4752 Ο.
1803 4699 1828 4732 ⁸
1859 4705 2032 4749 contra
2051 4697 2228 4765 loyen]
2267 4715 2368 4750 om.
2392 4700 2454 4750 F..
2477 4698 2542 4750 Ο.

703 4781 725 4814 ¹
758 4781 833 4849 et]
874 4797 973 4832 om.
1000 4782 1297 4846 cami-ave,
1331 4780 1425 4830 ins.
1450 4780 1513 4829 E.
