3600 5800
810 839 940 901 350
1277 853 1563 901 CARMEN
1594 834 1702 902 'nn
1748 854 2244 917 ponus-mmm,
2295 855 2439 904 mc,

803 1034 904 1100 Ut
948 1036 1118 1102 foret
1161 1039 1526 1124 emporium
1571 1044 1764 1105 terrae
1810 1061 2157 1106 commune
2202 1041 2552 1125 marisque,

806 1138 894 1203 Et
924 1140 1110 1205 fieret
1156 1141 1433 1208 ducibus
1452 1140 1477 1179 ¹
1525 1164 1753 1209 secura
1794 1143 2099 1228 potentia
2142 1143 2347 1228 regni,
2829 1146 2911 1208 25

806 1240 895 1304 Et
938 1242 1137 1308 decus
1182 1243 1459 1330 imperii,
1507 1249 1846 1329 terrorque
1891 1243 2246 1310 hostilibus
2289 1244 2528 1324 armis;

466 1348 543 1398 Its
564 1365 717 1415 gran·
805 1341 996 1408 Esset
1038 1345 1126 1410 ab
1166 1352 1468 1411 'extremo
1512 1346 1939 1410 venientibus
1983 1344 2250 1431 hospita
2292 1351 2491 1431 portu

462 1416 707 1532 Qffiffld
805 1445 1108 1512 Navibus
1154 1469 1408 1527 oceano,
1455 1447 1652 1535 longo
1686 1469 1820 1513 sua
1862 1468 2058 1533 prora
2082 1445 2108 1486 ²
2151 1448 2438 1515 remulco

803 1547 1058 1614 Navita.
1101 1571 1233 1635 qua
1277 1572 1631 1636 properans
1676 1555 1756 1615 ut
1799 1549 1994 1615 sistat
2037 1550 2125 1615 ab
2167 1571 2430 1636 aequore
2473 1550 2697 1618 fessus.

802 1649 996 1718 Hanc
1039 1652 1293 1738 piscosa
1335 1653 1474 1719 suis
1518 1653 1715 1719 undis
1761 1651 2067 1718 interluit
2109 1650 2297 1732 Usa‚⁸
2824 1658 2911 1720 30

802 1753 1165 1841 Florigeros
1210 1755 1371 1841 ripis
1414 1752 1832 1840 praetendens
1876 1754 2169 1839 undique
2215 1776 2493 1841 campos.

802 1855 1096 1921 Collibus
1142 1861 1210 1922 et
1254 1856 1438 1921 silvis
1484 1857 1681 1922 tellus
1724 1857 1884 1923 hinc
1925 1857 2083 1923 inde
2127 1857 2374 1938 decora,

801 1955 869 2019 N
870 1957 1284 2043 obilibusque
1330 1957 1490 2024 locis
1534 1957 1864 2024 habitatio
1910 1957 2200 2045 pulchra,
2247 1959 2547 2037 salubris,

801 2058 1171 2125 Fertilitate
1215 2059 1318 2123 sui
1366 2058 1611 2124 multos
1655 2058 1971 2125 habitura
2014 2060 2289 2126 colonos,

801 2159 948 2240 Quo
992 2161 1195 2226 variis
1239 2159 1503 2246 populis
1548 2165 1618 2225 et
1661 2161 1882 2247 regnis
1928 2161 2223 2247 undique
2267 2161 2425 2228 lecti
2569 2172 2576 2180 '
2819 2165 2903 2227 35

800 2260 931 2347 Spe
975 2261 1141 2328 lucri
1162 2261 1190 2300 ⁴
1233 2263 1530 2340 veniunt,
1578 2268 1949 2347 quaerentes
1995 2263 2210 2328 divite
2253 2268 2434 2329 terra

796 2363 1104 2443 Divitias,
1150 2365 1369 2431 sedem
1414 2364 1697 2442 sibimet,
1742 2363 2147 2450 lucrumque,
2192 2365 2546 2459 laremque.

886 2466 1066 2533 Hinc
1109 2467 1410 2533 Romana
1452 2488 1689 2532 manus
1734 2467 2023 2532 turbatis
2067 2467 2361 2552 undique
2406 2467 2680 2553 sceptris

798 2567 1153 2654 Postquam
1199 2569 1479 2646 secessit,
1526 2568 1799 2654 cupiens
1846 2567 2170 2653 depellere
2214 2589 2424 2633 saevos

799 2667 1055 2748 HosteS‚
1103 2669 1443 2756 Hesperiae
1487 2689 1762 2756 regnum
1808 2669 2158 2755 sedemque
2201 2669 2392 2749 tueri,
2815 2673 2903 2737 40

460 2783 574 2835 The
593 2786 734 2851 help-
799 2770 1003 2836 Urbis
1047 2777 1210 2838 tunc
1252 2772 1475 2836 tenuit
1517 2775 1847 2856 sceptrum
1891 2793 2051 2857 gens
2096 2771 2287 2857 pigra
2328 2772 2732 2843 Britonum.'

457 2851 772 2972 {ffiffioffi
799 2871 964 2952 Quae
1008 2871 1142 2938 fere
1172 2872 1503 2939 continuis
1527 2862 1888 2938 'Pictorum
1931 2893 2154 2958 pressa
2198 2871 2448 2952 duellis,

459 2985 607 3034 when
630 2987 716 3038 the
797 2975 1069 3041 Servitii
1115 2976 1373 3062 pondus
1417 2974 1689 3039 tandem
1731 2980 1998 3064 vastata
2039 2974 2331 3040 subivit:

455 3050 773 3172 ξζῗζὼ
796 3079 939 3145 Nec
980 3079 1198 3145 valuit
1241 3077 1521 3165 propriis
1565 3076 1850 3163 patriam
1897 3076 2241 3143 defendere
2287 3076 2507 3158 scutis,

795 3180 918 3246 Vel
962 3180 1335 3246 libertatem
1379 3179 1618 3266 gladiis
1664 3198 1967 3244 revocare
2011 3183 2372 3263 paternam.
2807 3184 2892 3246 45

884 3294 994 3350 Est
1028 3295 1289 3364 antiqua,
1328 3298 1534 3363 potens
1578 3280 1784 3359 beUiS,
1834 3285 1904 3346 et
1947 3301 2212 3367 corpore
2257 3287 2594 3368 praestanS,

796 3386 1165 3452 Germaniae
1208 3384 1486 3471 populos
1530 3404 1691 3470 gens
1734 3382 1914 3447 inter
1958 3388 2027 3447 et
2071 3388 2301 3449 extera
2343 3406 2562 3472 regna,

450 3494 769 3546 ‘l'heSaxous
793 3489 1067 3575 Propter
1111 3487 1427 3553 duritiam
1472 3485 1634 3551 dicti
1678 3484 2062 3571 cognomine
2110 3485 2290 3552 Saxi.

454 3562 681 3677 ζῖζώζῗ
794 3591 988 3657 Hanc
1030 3589 1281 3676 placuit
1325 3587 1605 3654 ducibus
1648 3587 1835 3674 regni
1879 3586 2240 3653 conducere
2286 3588 2492 3666 doniS,

456 3643 728 3743 Ovetgstom
791 3692 892 3757 Ut
934 3692 1104 3757 foret
1146 3690 1398 3757 auxilio
1443 3689 1676 3776 patriae
1721 3708 1930 3775 pavor
1973 3687 2275 3753 hostibus
2318 3695 2535 3775 atque.
2808 3694 2894 3755 50

456 3758 724 3824 Germany.
791 3793 921 3859 Ore
964 3793 1149 3859 favet
1192 3792 1435 3879 vulgus
1481 3791 1762 3859 clamoso
1806 3789 2048 3855 mobile
2093 3790 2338 3868 statim,
2837 3797 2878 3816 ⁸

790 3895 881 3961 Et
922 3896 1098 3961 bona
1141 3894 1471 3960 collaudat
1514 3898 1780 3979 patrum
1825 3890 2127 3958 consulta
2170 3913 2453 3957 suorum.

789 3998 983 4064 Atria
1024 4018 1334 4084 gazarum
1378 3999 1699 4081 rumpunt
1743 3993 2005 4081 regalia,
2051 3994 2237 4081 genti

788 4101 1056 4168 Mittere
1102 4100 1277 4165 dona
1319 4103 1559 4185 parant
1601 4097 1864 4184 ignotae,
1912 4118 2041 4182 quo
2087 4095 2298 4182 magis
2340 4095 2459 4162 illa
2479 4095 2506 4134 ⁶

789 4203 1081 4281 Annuat‚
1127 4207 1208 4266 ut
1251 4199 1511 4286 placitae
1556 4197 1800 4264 feriant
1845 4197 1972 4261 sibi
2016 4197 2267 4261 foedera
2309 4196 2505 4283 pacis.
2806 4201 2890 4264 55

857 4423 873 4454 ¹
896 4424 949 4474 It
968 4437 1089 4487 may
1105 4421 1319 4486 perhaps
1339 4422 1404 4471 be
1422 4417 1641 4470 inserted
1658 4416 1793 4466 from
1947 4413 1971 4446 ⁸
2003 4414 2117 4465 The
2137 4415 2274 4466 river
2295 4415 2447 4467 Ouse.

788 4502 892 4552 this
912 4502 1024 4553 that
1044 4501 1191 4550 York
1213 4513 1316 4549 was
1338 4499 1425 4549 the
1456 4496 1637 4548 official
1671 4493 1796 4556 resi-
1955 4493 1976 4525 ⁴
2000 4495 2099 4558 Spe
2121 4493 2273 4560 lucri]
2299 4495 2387 4555 A„
2402 4495 2640 4547 followed
2657 4497 2729 4563 by
2743 4496 2893 4560 Gale,

788 4582 945 4632 dence
965 4580 1024 4631 of
1038 4580 1127 4629 the
1151 4579 1351 4628 Roman
1367 4575 1620 4640 dig-nimy
1634 4573 1797 4623 called
1886 4573 2103 4633 Froben,
2141 4576 2244 4623 and
2284 4575 2323 4627 J
2324 4573 2438 4625 affe.
2508 4575 2758 4627 Mabillon
2799 4577 2894 4628 has

787 4659 913 4709 Dux
934 4657 1332 4707 Britannia-um.
1885 4650 2117 4714 sepulcri,
2139 4651 2272 4701 forte
2291 4652 2535 4705 certatim.

854 4737 877 4768 ²
903 4734 1086 4801 prora]
1114 4734 1247 4795 vela,
1267 4733 1323 4783 in
1343 4747 1504 4797 marg.
1525 4731 1641 4784 MS.
1859 4777 1866 4782 .
1952 4730 1973 4762 ⁶
2007 4729 2131 4796 illa]
2158 4730 2262 4793 ille,
2281 4732 2343 4782 B.
