3600 5800
1313 908 1614 957 Enscom
1662 906 2137 956 ΕΒοΒΑοΕΝεΙε.
2476 906 2483 912 ·
2635 895 2763 961 267

664 1100 856 1150 untur.
965 1086 1151 1151 Inter
1217 1107 1379 1172 quos
1447 1088 1563 1172 qui
1582 1084 1605 1125 ¹
1650 1087 2057 1173 primicerius
2073 1086 2099 1125 ²
2142 1094 2299 1165 erat,
2366 1088 2762 1154 Thurstinus
2786 1105 2888 1154 and
2907 1103 3100 1153 'rhum-

670 1188 789 1271 (sic
854 1189 1032 1253 enim
1048 1186 1076 1226 ⁸
1139 1189 1496 1253 vocabatur
1558 1192 1796 1254 nomen
1860 1192 2044 1276 ejus),
2094 1199 2384 1271 quendam
2398 1200 2441 1233 ⁴·
2483 1192 2760 1278 spoliare
2787 1177 3012 1286 {Qnffi‘gff

669 1289 911 1366 volens,
959 1288 1156 1352 irruit
1215 1289 1287 1352 in
1331 1290 1658 1367 miserum,
1705 1312 1903 1376 quam
1948 1293 2219 1361 celerius
2263 1294 2350 1358 ad
2393 1293 2763 1359 munimina
2787 1303 3040 1419 3333}

331 1410 550 1471 Anu-ed,
573 1415 626 1457 ut
671 1391 849 1476 pacis
879 1389 1257 1455 tendentem
1283 1413 1298 1469 ;
1321 1388 1349 1426 ⁵
1377 1391 1703 1461 abstracto
1736 1418 1852 1471 quo
1888 1408 2011 1457 erat
2033 1402 2379 1473 praecinctus
2413 1402 2628 1473 gladio,
2657 1421 2763 1475 per
2788 1436 3012 1500 refuge&

330 1492 507 1541 supra.

343 2514 477 2565 Ibid.

335 3318 360 3367 1
369 3317 468 3368 bid.

671 1491 929 1546 medium
984 1492 1172 1562 plebis
1220 1492 1484 1547 attonitae
1533 1510 1706 1564 super
1755 1492 2119 1549 emissarium
2170 1494 2369 1548 furens
2420 1492 2763 1565 insequitur.

673 1575 806 1640 Sed
850 1574 1008 1659 quia
1049 1574 1414 1661 fugientem
1459 1589 1624 1638 extra
1659 1583 1968 1639 ecelesiam
2001 1597 2415 1661 nequaquam
2448 1577 2764 1662 impedire

670 1683 906 1755 potuit,⁶
941 1702 1059 1740 non
1095 1684 1258 1741 dedit
1283 1685 1562 1740 honorem
1587 1683 1711 1738 Deo
1727 1704 1746 1748 ;
1786 1675 1901 1740 sed
1936 1677 2342 1763 jamjamque
2401 1677 2527 1741 Dei
2574 1679 2765 1743 mise-

669 1776 921 1843 ratione
962 1764 1351 1844 evadentem
1382 1777 1559 1842 intra
1589 1785 1786 1840 valvas
1822 1788 2080 1842 ecclesiae
2125 1800 2331 1863 usque
2362 1779 2761 1859 subsequitur.

759 1878 873 1944 Fit
936 1879 1160 1945 subito
1220 1877 1614 1964 trepidantis
1658 1877 1887 1962 populi
1953 1878 2345 1957 concursus,⁷
2418 1901 2567 1946 cum
2643 1880 2770 1945 cla-

671 2004 867 2059 more,
945 1983 1135 2049 Beati
1211 1983 1258 2048 J
1259 1982 1491 2047 oannis
1566 1980 1833 2045 solliciti
1907 1983 2187 2067 pectoris
2261 1983 2363 2047 sui
2432 1984 2725 2048 subsidia
2745 1982 2772 2022 ⁸

675 2083 1077 2149 unanimiter
1120 2082 1549 2170 implorantis,
1643 2081 1707 2146 N
1714 2103 1788 2147 ec
1833 2100 2026 2149 mora.
2104 2084 2474 2171 Pauperum
2505 2107 2770 2151 suorum

675 2185 1048 2259 miserantis
1090 2185 1219 2249 Dei
1281 2184 1549 2250 miserta
1614 2183 2039 2270 propitiatio;
2099 2191 2168 2251 et
2226 2187 2300 2251 in
2344 2188 2521 2274 pacis
2566 2187 2770 2253 viola-

678 2293 889 2352 torem
927 2287 1079 2371 ‘Dei
1143 2287 1517 2354 ulciscentis
1579 2274 1930 2352 subsecuta
1992 2294 2094 2353 est
2138 2289 2321 2354 ultio.
2417 2290 2548 2369 Qui
2594 2290 2771 2355 enim

677 2389 874 2475 paulo
919 2395 1073 2455 ante
1118 2390 1476 2457 ferocitatis
1520 2390 1866 2455 frendebat
1908 2390 2111 2469 furiis,
2160 2414 2327 2478 equo
2373 2414 2502 2478 quo
2530 2392 2771 2458 reside-
2798 2405 2910 2456 The
2933 2406 3038 2455 cul-

677 2492 794 2557 bat
851 2492 1179 2558 attonitus
1239 2500 1491 2565 corruit3
1512 2500 1533 2531 ⁹
1582 2510 1642 2556 et
1690 2500 1838 2555 facie
1877 2500 2003 2572 jam
2051 2502 2299 2558 deformi
2356 2508 2487 2574 post
2539 2510 2770 2574 tergum
2794 2471 3034 2588 {Jgnsfflg

675 2611 861 2658 versa,
899 2595 1166 2650 manibus
1224 2594 1582 2666 pedibusque
1632 2594 1890 2659 retortis,
1928 2594 2093 2650 velut
2126 2600 2455 2651 monstrum
2502 2596 2767 2660 informe,
2794 2606 2966 2668 horse,

675 2684 1057 2749 cunctorum
1104 2681 1220 2765 qui
1249 2680 1525 2745 aderant
1567 2688 1630 2743 in
1648 2688 1688 2721 ¹⁰
1724 2705 1788 2743 se
1825 2686 2239 2743 admirantium
2277 2706 2380 2744 ora
2414 2688 2767 2746 convertit.¹¹

673 2779 864 2845 Plebs
954 2781 1179 2866 itaque
1270 2780 1651 2847 laetabunda
1740 2780 2162 2846 multimodas
2254 2782 2624 2868 prorumpit
2697 2780 2771 2844 in
2797 2807 2849 2851 to
2873 2801 2958 2850 the

671 2879 935 2962 laudes3
994 2886 1064 2948 et
1108 2883 1181 2948 in
1225 2882 1404 2949 beati
1450 2882 1804 2950 sacerdotis
1853 2881 1973 2949 Sui
2022 2882 2067 2948 J
2070 2883 2350 2950 ohannis
2404 2882 2769 2950 virtutibus
2793 2873 2939 2983 313⁸&
2955 2867 3048 2932 505

673 2985 1036 3052 Salvatoris
1049 2975 1070 3073 J
1095 2987 1644 3073 omnipotentiam
1689 2986 1993 3052 unanimi
2037 3008 2196 3053 voce
2240 2987 2768 3073 magnificabant.
2796 2951 2990 3064 geopfe.

673 3096 1001 3168 Stupefacti
1047 3111 1201 3155 vero
1264 3088 1525 3165 milites,
1590 3088 1706 3172 qui
1769 3086 1968 3151 simul
2044 3088 2465 3165 advenerant,
2522 3093 2590 3152 et
2656 3109 2773 3173 per

670 3195 972 3256 sanctum
1016 3190 1388 3255 antistitem
1455 3193 1835 3274 perpetrata
1901 3187 2029 3251 Dei
2076 3189 2379 3253 videntes
2423 3189 2770 3273 magnalia,

671 3298 950 3369 projectis
998 3292 1238 3376 quibus
1306 3290 1755 3354 induebantur
1822 3300 2018 3366 armis,
2067 3289 2455 3374 saevitiaque
2531 3291 2772 3354 mentis
2796 3314 3094 3365 Thurstan’s

674 3390 996 3475 mitigata,
1045 3391 1159 3476 qui
1243 3389 1427 3475 prius
1470 3390 1556 3454 ad
1603 3390 1975 3476 diripienda
2018 3390 2485 3475 grassabantur
2548 3389 2757 3474 spolia
2798 3397 2914 3431 men
2933 3389 3106 3431 return

873 3490 927 3529 ¹2
1105 3493 1118 3506 ⁸
1598 3491 1612 3505 ‚
1658 3492 1670 3505 ⁸
1831 3493 1845 3507 ⁶
2673 3492 2687 3505 ,
2756 3441 2771 3466 '
2798 3447 2951 3496 tothe
2968 3446 3108 3512 king,

674 3512 852 3556 nunc
969 3492 1056 3556 ad
1101 3491 1518 3577 impetranda
1546 3513 1677 3555 vm
1722 3493 1850 3557 Del
1896 3497 2375 3559 convertuntur
2420 3491 2772 3577 suffragia:
2800 3514 2899 3560 aud
2922 3514 3013 3561 toll

676 3634 752 3643 -.,
785 3635 798 3638 -
815 3633 842 3639 ..
881 3632 978 3638 .-
2798 3577 2905 3627 him
2928 3579 3014 3628 the

744 3693 760 3725 ¹
797 3693 910 3758 qui]
941 3709 1038 3743 om.
1063 3697 1132 3744 A.
1677 3709 1680 3712 ’
1718 3737 1722 3772 Ι
1776 3693 1835 3743 of
1854 3695 1938 3744 the
1958 3693 2128 3744 fourth
2151 3696 2333 3761 degree
2350 3696 2411 3746 of
2423 3695 2772 3747 heinousnesS.
2798 3658 2947 3696 newa

743 3769 766 3805 ²
790 3772 1135 3839 primicerius]
1173 3771 1394 3837 dignitas
1427 3771 1675 3834 militaris,
1775 3773 1942 3824 There
1979 3787 2113 3823 were
2157 3773 2239 3822 six
2284 3775 2342 3823 of
2380 3774 2521 3826 these
2566 3776 2776 3837 degree:

677 3852 944 3916 Dacanqe.
1775 3852 1979 3915 (Sanet.
2004 3851 2266 3901 Beverlac.
2290 3853 2399 3917 99).

742 3933 765 3966 ⁸
799 3933 951 3998 enim]
980 3949 1078 3983 om.
1103 3934 1170 3985 A.
1844 3930 1866 3962 ⁶
1891 3929 2086 3995 potuit]
2116 3935 2334 3993 poterat,
2356 3930 2427 3980 A.

744 4011 766 4043 ⁴
798 4011 1068 4079 quendam]
1098 4012 1185 4077 qui
1207 4012 1344 4072 dum,
1368 4012 1437 4064 A.
1842 4008 1863 4046 ⁷
1896 4008 2191 4074 concursus]
2217 4024 2412 4071 cursus,
2440 4010 2510 4060 A.

744 4092 765 4124 ⁵
799 4092 1000 4142 Alured
1038 4093 1103 4142 of
1138 4092 1388 4155 Beverley
1425 4091 1571 4157 gives
1608 4106 1674 4141 an
1843 4089 1866 4121 ⁸
1898 4087 2094 4139 sollici&
2128 4085 2358 4155 pectoris
2394 4091 2476 4138 sui
2520 4083 2771 4155 subsidia]

680 4169 896 4222 account
931 4171 989 4220 of
1021 4169 1125 4220 this
1156 4185 1306 4221 scene
1338 4185 1465 4236 very
1486 4168 1678 4220 similar
1778 4168 1918 4220 soliti
1938 4167 2240 4234 protectoris
2261 4167 2338 4218 sui
2362 4167 2664 4230 subsidium,
2689 4170 2757 4218 A.

681 4256 734 4300 to
756 4249 877 4300 this.
944 4250 1028 4300 He
1065 4250 1242 4299 makes
1276 4265 1309 4299 a
1343 4248 1499 4316 slight
1534 4249 1676 4299 addi-
1844 4249 1866 4281 ⁹
1899 4247 2114 4314 corruit]
2143 4247 2356 4311 horruit,
2379 4249 2451 4300 A.

679 4328 806 4389 tion,
843 4332 876 4357 “
894 4344 1010 4379 cum
1031 4325 1244 4380 vidisset
1265 4330 1519 4394 quendam
1540 4336 1678 4379 vete-
1845 4329 1887 4361 ¹⁰
1920 4328 2000 4394 iu]
2029 4344 2128 4378 om.
2153 4328 2224 4379 A.

681 4412 712 4437 “
745 4424 925 4459 tanum
967 4408 1235 4473 pretiosius
1293 4407 1544 4471 indutum,
1588 4424 1677 4458 au·
1842 4407 1880 4440 '¹¹
1916 4406 2171 4472 Reginald
2210 4405 2463 4458 describes
2509 4421 2541 4458 a
2584 4406 2781 4457 similar

678 4493 710 4518 ‘⁸
747 4505 883 4539 ream
916 4487 970 4538 in
1003 4488 1210 4539 brachio
1232 4488 1479 4539 armillam
1516 4488 1678 4539 feren·
1777 4486 2005 4537 incident
2042 4493 2096 4536 at
2128 4483 2360 4535 Durham
2382 4485 2568 4552 during
2601 4501 2667 4535 an
2698 4486 2772 4536 in·

678 4572 711 4597 ‘⁸
746 4574 869 4632 tem,
905 4567 1261 4633 properantius
1304 4567 1372 4617 sd
1414 4566 1678 4618 ecclesiam
1779 4564 1956 4618 vasion
2001 4565 2061 4616 of
2101 4563 2332 4617 william
2366 4565 2454 4617 the
2493 4566 2627 4618 Liou
2664 4565 2774 4632 (pp.

680 4655 712 4678 “
746 4650 1089 4702 tendentem”
1127 4649 1405 4711 (Annales,
1440 4663 1523 4713 pp.
1569 4652 1680 4710 129,
1778 4647 1991 4710 272—8).

685 4735 827 4795 130).
894 4734 975 4798 By
999 4732 1230 4800 enter-ing
1251 4734 1338 4784 the
1361 4734 1487 4784 door
1508 4733 1568 4785 of
1596 4732 1680 4783 the
1848 4726 1889 4759 ¹²
1918 4725 2095 4793 spolia,
2117 4726 2272 4795 nunc]
2302 4743 2400 4780 om.
2425 4728 2493 4779 A.

680 4811 891 4865 minster
926 4813 1186 4865 Thurstau
1222 4812 1515 4865 committed
1547 4826 1579 4862 a
1601 4810 1680 4863 sin
