3600 5800
1191 908 1509 961 Auel-ona
1556 909 1771 959 nomo
1816 878 2187 973 stimmo.
2661 896 2743 960 19

628 1095 807 1163 rifice
851 1114 1071 1161 coram
1132 1093 1313 1159 omni
1376 1093 1619 1180 populo
1686 1092 1948 1179 publice
2015 1092 2506 1168 ordinaverunt,
2554 1095 2623 1156 et
2665 1091 2737 1154 in
2764 1096 3065 1176 Hisponoe-

629 1198 789 1265 sella
831 1217 1032 1263 aurea
1075 1196 1425 1273 sedentem,
1476 1216 1653 1261 more
1711 1216 1952 1272 eorum,
1985 1216 2244 1260 sursum
2290 1171 3043 1281 elevaverunt,{²12⁸„{²¹‘.}¹1¹,ed·

628 1306 966 1387 portantes
1010 1300 1319 1365 manibus
1359 1299 1482 1364 soli
1551 1298 1838 1385 episcopi
1893 1299 2072 1364 intra
2101 1294 2504 1374 oratorium)
2550 1294 2735 1360 nullo

629 1404 760 1470 alio
803 1404 1190 1490 attingente,
1236 1404 1520 1489 hymnos
1543 1402 1571 1440 ²
1617 1403 2000 1488 canticaque
2053 1402 2124 1466 in
2169 1400 2365 1468 choro
2410 1405 2733 1466 canentes.

632 1504 868 1590 Sicque
885 1502 913 1543 ³
953 1510 1104 1590 post
1163 1505 1453 1591 spatium
1513 1504 1827 1590 temporis
1885 1503 1976 1569 ad
2039 1503 2259 1569 sedem
2305 1502 2736 1588 episcopalem

630 1608 937 1673 Eboracae
981 1606 1276 1673 civitatis
1341 1606 1522 1671 hunc
1584 1606 1959 1683 emiserunt,
2025 1611 2095 1670 et
2155 1609 2608 1691 praeceperunt
2675 1604 2737 1668 ei

630 1711 702 1773 in
743 1710 1009 1774 nomine
1054 1708 1327 1773 Domini
1389 1709 1462 1772 in
1524 1706 1851 1796 catholica
1916 1706 2045 1772 fide
2108 1727 2502 1793 permanere,
2566 1706 2738 1771 sicut
2829 1754 2834 1759 .

629 1809 871 1875 Paulus
916 1810 1272 1896 Apostolus
1334 1808 1696 1886 Timotheo,
1741 1809 1881 1873 filio
1945 1830 2079 1886 suo,
2126 1808 2453 1874 custodire
2504 1828 2736 1893 propo·
2769 1814 3040 1865 1Tim.vi·

629 1913 831 1976 situm
898 1934 1091 1976 suum
1155 1912 1484 1998 praecepit,
1560 1912 1736 1996 quod
1781 1933 1899 1997 per
1927 1978 1940 1987 ‚
1971 1933 2206 1977 manus
2251 1909 2735 1996 impositionem
2763 1886 2948 1997 goiim.
2973 1948 3007 1996 i.
3028 1952 3074 1997 5·

633 2014 772 2100 ejus
816 2014 1081 2098 accepit.

1338 2250 1783 2336 [CAPITULUM
1831 2250 2054 2335 ΧΙΙΙ.]

635 2426 968 2508 Θασήιοᾱο
1012 2426 1353 2493 Dominus
1388 2388 1777 2513 pontificem
1821 2433 2132 2492 nostram
2173 2427 2252 2492 cle
2297 2449 2485 2493 mare
2548 2436 2606 2493 et
2657 2428 2736 2494 cle

948 2552 1173 2596 mnu
1210 2552 1649 2616 payanovwm
1693 2552 1850 2596 cam
1893 2530 2039 2595 suis
2084 2529 2406 2604 liberavit.

722 2680 1211 2768 Navigantibus
1257 2702 1515 2768 quoque
1548 2682 1640 2746 eis
1673 2681 1753 2747 de
1787 2681 2007 2746 Gallia
2035 2681 2515 2768 Brytannicum
2560 2704 2740 2749 mare

633 2774 797 2850 cum'
847 2786 1057 2850 beatae
1135 2784 1465 2849 memoriae
1542 2783 1882 2849 Wilfritho
1959 2784 2275 2871 episcopo,
2352 2786 2741 2851 canentibus

633 2886 880 2954 clericis
924 2892 994 2952 et
1056 2885 1488 2973 psallentibus
1550 2886 1822 2952 laudem'
1880 2886 2008 2952 Dei
2052 2910 2172 2974 pro
2218 2888 2576 2955 celeumate
2598 2888 2627 2928 ⁴
2669 2889 2741 2952 in
2767 2896 2918 2950 Matt.
2941 2897 3045 2947 xiv.

634 2988 842 3064 choro,
890 2990 961 3053 in
1005 2988 1221 3054 medio
1266 2989 1435 3053 mari
1480 2989 1889 3054 validissima
1931 2995 2287 3076 tempestas
2348 2997 2581 3057 exorta
2624 3001 2740 3070 est,
2771 2970 2924 3080 {23st
2945 3031 3014 3081 vi.

634 3097 702 3156 et
745 3092 931 3157 venti
977 3091 1307 3169 contrarii,
1336 3092 1510 3156 sicut
1539 3091 1878 3178 discipulis
1923 3090 1969 3156 J
1971 3112 2085 3158 esu
2131 3093 2203 3157 in
2248 3115 2426 3159 mare
2473 3094 2744 3160 Galileae
2772 3102 2857 3150 ⁴8·

635 3199 835 3258 erant.
980 3192 1215 3258 Flante
1278 3214 1563 3279 namque
1623 3198 1826 3258 vento
1904 3193 2358 3260 Euro-Austro
2420 3196 2598 3273 dure,
2652 3195 2746 3261 al-
2775 3163 3025 3281 Kiillfgilcg-

634 3294 963 3360 bescentia
1027 3293 1354 3359 undarum
1424 3294 1714 3359 culmina
1787 3295 1862 3358 in
1935 3295 2200 3380 regione
2222 3295 2248 3334 ⁶
2306 3297 2748 3362 Australium-
2775 3295 3002 3361 turning,
3024 3296 3070 3345 5³

636 3396 989 3475 Saxonum,
1054 3418 1256 3483 quam
1316 3418 1452 3462 non
1511 3403 1852 3474 noverant,
1899 3397 2305 3484 projicerunt
2347 3420 2471 3465 eos.
2565 3400 2746 3464 Mare
2775 3363 2938 3477 ἓξὲξ
2940 3379 3030 3478 {1¹1²

637 3519 894 3584 quoque
954 3519 1194 3564 navem
1257 3504 1328 3562 et
1384 3497 1682 3563 homines
1743 3497 2138 3584 relinquens,
2201 3505 2409 3566 terras
2469 3500 2744 3588 fugiens,
2773 3495 2864 3544 ²¹¹0
2886 3502 3028 3544 Μ

635 3598 987 3684 littoraque
1033 3598 1359 3686 detegens,
1407 3598 1479 3663 in
1524 3599 1746 3686 abyssi
1792 3600 2133 3666 matricem
2178 3602 2459 3668 recessit.
2571 3603 2744 3669 Gen-
2770 3559 3084 3690 ‘2232le-

634 3700 786 3764 tiles
848 3707 1071 3764 autem
1146 3721 1295 3766 cum
1371 3699 1627 3787 ingenti
1705 3702 2001 3766 exercitu
2063 3702 2424 3781 venientes,
2502 3726 2742 3770 navem
2773 3721 2852 3755 θη
2873 3713 2957 3771 try
2979 3715 3032 3757 ‘0

638 3800 941 3886 arripere,
988 3800 1275 3885 praedam
1341 3801 1469 3866 sibi
1529 3802 1826 3887 pecuniae
1872 3802 2184 3879 dividere,
2231 3805 2527 3889 captivos
2590 3806 2742 3869 sub·
2771 3771 3021 3902 ἓξὲξ

629 3902 900 3987 jugatos
944 3900 1274 3980 deducere,
1320 3903 1827 3988 resistentesque
1866 3902 2087 3988 gladio
2132 3903 2422 3970 occidere
2477 3906 2742 3972 incunc-
2769 3904 2857 3954 the
2878 3919 3024 3955 erew.

639 4007 859 4068 tenter
901 4010 1393 4090 proposuerunt.
1489 4004 1744 4084 Quibus
1789 4010 2056 4070 sanctus
2101 4006 2402 4091 pontifex
2419 4006 2446 4046 ⁶
2504 4014 2740 4086 noster,

637 4107 961 4194 copiosam
1005 4106 1351 4193 pecuniam
1380 4106 1785 4192 promittenS,
1819 4107 2071 4172 animas
2101 4108 2419 4174 redimere
2458 4110 2742 4195 cupiens,

706 4354 723 4386 ¹
758 4356 896 4404 intra
917 4353 1216 4419 vratodum]
1256 4353 1391 4404 iuter
1412 4353 1649 4418 oratoria,
1737 4352 1996 4417 λεύματος,
2035 4355 2115 4405 εἴα.
2153 4358 2226 4419 by
2265 4358 2430 4419 order,
2468 4372 2529 4407 or
2564 4366 2619 4408 at
2654 4359 2743 4410 the

643 4433 710 4483 A.
1736 4434 1876 4483 word
1912 4424 1973 4484 of
2004 4435 2290 4498 command,
2329 4451 2361 4485 a
2397 4433 2576 4501 phrase
2617 4440 2743 4490 used

706 4509 729 4543 ¹
760 4507 976 4575 hymnos,
991 4510 1312 4577 canticaque]
1333 4510 1647 4575 hymnosque
1737 4512 1808 4578 by
1831 4511 2128 4577 AEschylus.
2389 4523 2396 4530 ·

642 4598 692 4641 et
713 4590 929 4653 cantica,
952 4591 1023 4643 A.
1801 4590 1823 4622 ⁸
1854 4579 2078 4657 ἰτρίου]
2107 4592 2383 4657 regionem,
2406 4595 2475 4646 A.

708 4670 730 4703 ³
763 4668 974 4737 Sic-que]
1001 4686 1238 4735 namque,
1262 4672 1330 4722 A.
1690 4675 1695 4704 ¹
1804 4669 1826 4703 ⁶
1851 4670 2112 4738 pontifex]
2140 4672 2344 4736 praesul,
2367 4675 2437 4725 A.

709 4752 730 4785 ⁴
764 4752 865 4802 Pro
898 4747 1340 4802 celeumata-aar&
1378 4765 1437 4800 οι·
1476 4749 1532 4798 ἐκ
1570 4765 1646 4797 κε-
1688 4711 1696 4805 Ι

2347 4849 2391 4896 Β
2437 4836 2479 4897 2
