3600 5800
595 1450 739 1501 John
762 1449 806 1500 is

596 1517 874 1567 translated

594 1591 649 1632 to
673 1584 832 1633 York.

595 1661 710 1712 MS.
736 1662 858 1712 Cor-

597 1743 706 1792 pus,
730 1736 851 1792 etc„

594 1809 647 1858 p.
673 1800 787 1845 522.

591 1941 703 1993 The
726 1943 837 1992 siclt

593 2022 698 2058 nun
720 2015 774 2058 at

591 2074 802 2125 Watton

591 2142 761 2191 cured.

585 2524 711 2577 Two

582 2591 816 2645 miracles

585 2660 819 2723 wrought

585 2725 656 2789 by
678 2725 838 2776 John.

584 2802 749 2865 Idem,

581 2884 632 2935 p.
658 2873 770 2921 ⁶23.

577 3529 690 3581 The
710 3533 843 3584 dove

578 3595 634 3646 in
659 3596 735 3648 St.

578 3662 847 3716 Michael’s

576 3729 771 3781 church
792 3731 846 3781 in

575 3795 738 3847 York.

574 3955 627 4004 p.
654 3946 767 3992 524.

569 4704 682 4756 The
702 4720 824 4758 cure

571 4771 848 4905 aas*

942 881 1072 942 528
1814 894 2181 945 APPENDIX.

937 1082 1208 1153 precibus
1246 1083 1546 1147 antistitis,
1587 1084 1778 1139 factus
1814 1090 1905 1139 est
1931 1084 2164 1155 juvenis
2196 1087 2477 1158 limpidus
2513 1088 2685 1144 vultu
2718 1096 2779 1143 et
2809 1085 3049 1157 loquela

933 1181 1258 1246 promptus,
1307 1176 1532 1247 capillis
1582 1166 2077 1252 pulchritudine
2115 1178 2341 1249 crispiS,
2378 1178 2478 1250 qui
2527 1186 2662 1235 ante
2709 1178 2901 1234 fuerat
2949 1177 3050 1232 de-

893 1261 1157 1326 -formis,
1221 1280 1459 1334 pauper,
1522 1268 1583 1318 et
1642 1269 1860 1330 mutue,
1922 1257 2321 1342 domumque
2383 1257 2585 1323 rediit
2651 1256 3045 1323 benedicens

931 1339 1309 1406 Dominum.

1023 1443 1149 1508 III.
1197 1445 1555 1530 Post-quam
1616 1454 1802 1525 igitur
1868 1448 2115 1513 Beatus
2175 1457 2483 1513 wilfridus
2552 1457 2876 1530 episcopus,
2938 1457 3045 1527 qui

928 1532 1107 1603 longo
1143 1536 1519 1606 tempore-ab
1556 1535 1895 1606 episcopatu
1946 1555 2051 1592 suo
2087 1537 2305 1609 ejectus
2356 1536 2488 1601 fuit,
2524 1554 2560 1591 a
2594 1536 2857 1591 Romano
2907 1552 3043 1590 con·

930 1611 1065 1665 cilio
1102 1618 1161 1667 et
1212 1632 1248 1667 a
1295 1613 1528 1668 domino
1577 1632 1729 1687 papa
1763 1608 2043 1691 epistola
2092 1622 2331 1687 accepta
2379 1616 2440 1669 in
2491 1616 2740 1686 patriam
2789 1614 3039 1679 revenit,

929 1696 989 1747 et
1036 1691 1427 1763 episcopatum
1477 1693 1964 1764 Hagustaldensis
2000 1695 2254 1753 ecclesiae
2289 1711 2425 1748 cum
2478 1693 2739 1765 synodali
2790 1692 3041 1749 concilio

930 1774 1168 1846 recepit,
1225 1776 1472 1831 Sanctus
1527 1776 1564 1831 J
1568 1794 1780 1833 oannes
1837 1780 1897 1833 in
1952 1777 2300 1835 Eboracensi
2350 1777 2586 1832 civitate
2637 1776 3035 1848 episcopatum

931 1854 1174 1926 accepit,
1215 1860 1274 1910 et
1310 1855 1475 1910 annis
1510 1856 1726 1927 viginti
1778 1860 1967 1915 tribus
2001 1857 2281 1914 nobiliter
2315 1848 2506 1912 rexit.
2601 1847 2733 1927 Qui
2787 1854 3036 1927 quodam

929 1948 1191 2012 tempore
1227 1942 1342 1998 iter
1377 1943 1615 2008 faciens,
1654 1945 1730 1999 ad
1772 1946 2063 2016 quoddam
2101 1937 2402 2023 pervenit
2438 1943 2853 2000 monasterium
2888 1933 3038 1998 vul-

926 2022 1069 2107 gari
1114 2022 1382 2087 nomine
1426 2022 1864 2089 Hunetadum
1909 2032 2233 2102 vocatum,
2271 2033 2333 2087 in
2369 2048 2483 2104 quo
2519 2030 2813 2087 abbatissa
2846 2048 3041 2085 mora-

927 2120 1116 2188 batur,
1156 2111 1505 2199 Hereburg
1538 2122 1788 2187 nomine,
1832 2141 1963 2178 cum
2000 2119 2529 2179 sanctimonialium
2565 2119 3033 2190 congreg-atione.

925 2198 1073 2254 Haec
1121 2217 1262 2272 ergo
1308 2202 1576 2273 episcopo
1625 2201 2119 2273 lachrymabiliter
2166 2199 2431 2256 narravit
2480 2197 2772 2269 quandam
2823 2198 3034 2253 sancti-

925 2279 1235 2336 monialem
1271 2297 1340 2334 ex
1388 2298 1492 2335 suo
1539 2296 1718 2350 grege
1765 2297 1981 2351 magno
2030 2281 2228 2337 vexari
2263 2277 2482 2342 dolore,
2521 2278 2797 2348 quoniam
2848 2267 3030 2355 phle-

924 2357 1263 2424 botomata
1298 2372 1386 2423 est
1434 2370 1497 2421 in
1549 2372 1849 2438 quartanas
1899 2369 2055 2424 lunae
2092 2373 2295 2425 aetatet
2348 2377 2547 2442 quam
2596 2365 2898 2437 episcopus
2950 2366 3032 2420 la·

924 2447 1184 2517 chrymis
1217 2453 1449 2502 coactus
1483 2446 1791 2502 abbatissas
1829 2447 2195 2503 sanissimam
2233 2465 2341 2503 sua
2373 2445 2514 2501 fecit
2548 2444 2828 2499 oratione.

997 2528 1105 2583 rV.
1143 2526 1406 2596 Quodam
1442 2524 1618 2580 etiam
1653 2531 1917 2597 tempore
1953 2527 2328 2593 venerandus,
2349 2517 2690 2602 episcopus
2728 2522 3031 2595 cujusdam

924 2606 1133 2661 militis
1166 2605 1464 2661 ecclesiam
1500 2602 1808 2669 dedicavit,
1838 2605 2007 2676 cujus
2044 2624 2187 2661 uxor
2220 2610 2401 2661 tantae
2439 2603 2806 2676 aegritudinis
2832 2602 3030 2659 dolore

920 2695 1126 2745 vexata
1167 2689 1299 2754 fuit,
1338 2694 1406 2743 ut
1451 2687 1615 2741 nullo
1663 2687 1836 2743 modo
1886 2690 2075 2744 tribus
2127 2688 2427 2743 mensibus
2487 2706 2522 2743 a
2570 2687 2744 2741 domo
2802 2686 2866 2740 in
2915 2704 3032 2757 qua

910 2773 1177 2856 jacebat
1223 2780 1443 2851 portari
1497 2768 1763 2834 valeret.
1854 2779 2019 2834 Tunc
2070 2772 2367 2837 sacerdos
2412 2771 2499 2836 ab
2543 2769 2815 2836 ecclesia
2866 2770 3029 2842 prius

920 2872 1282 2930 benedictam
1333 2888 1542 2944 aquam
1593 2869 1687 2926 illi
1735 2871 2084 2940 transmisit,
2130 2890 2382 2944 moxque
2438 2878 2507 2929 ut
2553 2873 2834 2944 gustavit,
2885 2887 3029 2928 sana

918 2953 1187 3019 surrexit,
1251 2958 1310 3009 et
1369 2950 1445 3006 ad
1493 2951 1732 3006 beatum
1783 2951 2123 3023 episcopum
2177 2953 2406 3009 concito
2455 2944 2665 3030 gradu
2717 2953 2911 3019 venit3
2966 2955 3027 3005 et

918 3032 1237 3119 quamdiu
1268 3029 1715 3105 manducavit,
1749 3043 1876 3093 tam
1911 3038 2028 3110 ipsi
2062 3057 2240 3111 quam
2272 3040 2448 3096 simul
2483 3054 2633 3099 cum
2680 3058 2747 3097 eo
2775 3041 3029 3098 discum·

916 3131 1187 3188 bentibus
1222 3129 1527 3185 humiliter
1559 3126 1936 3192 minian-avit,
1975 3122 2045 3184 et
2095 3140 2215 3205 pro
2259 3142 2398 3186 suae
2458 3121 2694 3188 salutis
2758 3143 3026 3208 recupe-

918 3225 1175 3290 ratione
1205 3222 1569 3289 Dominum
1611 3220 1972 3285 benedixit.
2064 3220 2361 3288 Alterius
2392 3224 2595 3291 etism
2626 3224 2862 3290 militis
2906 3225 3025 3291 ho-

917 3329 1163 3393 minem
1209 3325 1351 3411 jam
1413 3344 1601 3409 paene
1662 3322 2061 3387 moriturum
2105 3324 2282 3389 idem
2334 3327 2640 3410 pontifex
2700 3327 3025 3405 visitavit,

918 3427 1471 3512 sanissimumque
1516 3444 1638 3489 sua
1682 3423 1981 3489 oratione
2027 3424 2333 3490 reddidit

1008 3531 1084 3596 V.
1131 3529 1292 3595 Non
1335 3532 1455 3603 est,
1499 3526 1752 3601 fratres,
1788 3524 2053 3591 silentio
2090 3529 2640 3613 praetereundum,
2678 3538 2834 3610 quod
2867 3538 3025 3595 idem

916 3639 1149 3690 sanctus
1184 3631 1293 3696 vir,
1331 3630 1472 3684 dum
1508 3627 1759 3699 quodam
1796 3634 2059 3698 tempore
2097 3628 2160 3683 in
2197 3630 2545 3686 Eboracensi
2580 3637 2734 3687 esset
2764 3631 3025 3698 civitate,

915 3724 975 3775 et
1009 3718 1071 3771 in
1106 3714 1336 3787 porticu
1373 3712 1571 3768 Sancti
1609 3710 1915 3766 Michaelis
1951 3712 2200 3768 orationi
2236 3721 2470 3770 vacaret
2503 3714 2725 3779 devote,
2769 3714 3025 3785 Spiritus

917 3802 1166 3858 Sanctus
1215 3799 1279 3853 in
1330 3795 1614 3852 columbas
1664 3795 1856 3866 specie
1917 3802 2053 3851 ante
2111 3813 2246 3851 eum
2305 3797 2527 3854 resedit
2584 3817 2759 3871 super
2815 3799 3019 3865 altare,

912 3884 1144 3940 radium
1173 3881 1311 3937 solis
1339 3880 1578 3934 vincens
1609 3876 1876 3932 candore.
1952 3877 2214 3950 Oumque
2253 3880 2426 3935 multi
2463 3880 2526 3935 in
2550 3882 2773 3954 templo
2803 3888 3022 3939 stantes

910 3969 1267 4024 mirarentur
1300 3966 1451 4020 hanc
1486 3963 1697 4027 lucem,
1735 3980 1888 4016 unus
1924 3961 2199 4019 diaconus
2235 3964 2310 4020 ad
2346 3964 2560 4020 ostium
2596 3967 2856 4021 cucurrit
2889 3984 3021 4038 por·

908 4054 1082 4116 ticus,
1122 4057 1182 4106 et
1223 4049 1379 4104 intro
1427 4044 1580 4101 vidit
1613 4039 1949 4117 episcopum
2000 4053 2255 4102 stantem
2291 4049 2354 4102 in
2404 4049 2684 4114 oratione,
2723 4056 2783 4104 et
2820 4049 3021 4106 Sancti

912 4137 1168 4209 Spiritus
1202 4133 1435 4203 fulgore
1463 4131 1756 4202 porticum
1791 4129 1954 4185 intus
1980 4130 2332 4187 inflammari
2363 4132 2528 4189 velut
2563 4134 2733 4205 igne3
2776 4151 3020 4205 moxque

908 4222 1090 4278 facies
1128 4219 1255 4291 ejus
1306 4214 1671 4271 cremabatur
1709 4210 1968 4283 Spiritus
2008 4213 2208 4270 Sancti
2258 4215 2481 4280 ardore,
2520 4220 2581 4270 et
2628 4218 2778 4272 cutis
2826 4219 3019 4272 trahe-

909 4307 1083 4362 batur
1118 4301 1182 4355 in
1211 4315 1365 4369 ruga
1389 4294 1662 4352 maxillae.
1737 4293 1907 4363 Quod
1948 4313 2083 4351 cum
2120 4303 2355 4353 sanctus
2389 4297 2656 4354 sacerdos
2692 4315 2797 4370 per
2835 4299 3022 4371 Spiri-

907 4392 1037 4442 tum
1099 4383 1379 4438 Sanctum
1437 4365 1857 4451 intelligeret,
1918 4374 2219 4432 diaconem
2283 4376 2357 4432 ad
2422 4393 2486 4431 se
2552 4377 2893 4444 accersivit3
2957 4385 3018 4433 et

907 4464 1119 4520 faciem
1156 4461 1280 4530 ejus
1318 4473 1426 4512 sua
1458 4472 1636 4511 manu
1671 4456 1938 4526 palpanS,
1976 4454 2243 4525 pristinae
2282 4456 2521 4510 sanitati
2560 4456 2842 4522 restituit,
2867 4475 3015 4529 prae-

907 4546 1129 4617 cipiens
1164 4541 1219 4597 ei
1267 4556 1343 4595 ne
1389 4538 1541 4593 hanc
1575 4535 1861 4591 visionem
1895 4536 2267 4607 patefaceret,
2308 4536 2586 4608 quamdiu
2635 4537 2698 4590 in
2734 4537 2845 4592 hac
2894 4539 3019 4594 vita

907 4630 1148 4686 viveret.

978 4709 1086 4764 VI.
1127 4705 1386 4775 Quadam
1421 4701 1607 4773 igitur
1641 4699 1737 4755 die
1771 4692 2099 4758 militibus
2134 4701 2321 4756 sancti
2361 4700 2628 4772 praesulis
2664 4715 2843 4771 equos
2880 4717 3014 4755 suos

909 4794 1096 4852 veloci
1133 4809 1304 4849 cursu
1351 4781 1802 4870 probantibus,
1837 4789 2078 4862 quidam
2114 4788 2389 4846 diaconus
2424 4779 2726 4865 episcopo
2763 4786 3013 4847 dilectus
