3600 5800
850 837 982 901 440
1005 859 1008 864 ·
1491 851 1655 900 vrrA
1699 849 1942 902 sanem
1990 849 2314 911 oswum,

852 1035 1040 1102 invia
1114 1040 1184 1102 et
1258 1058 1396 1104 non
1455 1036 1664 1118 invia,
1728 1041 2045 1125 putantes
2107 1036 2287 1123 quod
2360 1056 2431 1101 se
2506 1038 2954 1121 sequerentur,

514 1148 663 1215 They
685 1165 784 1200 run
852 1138 1030 1222 quod
1089 1138 1327 1206 haud⁸
1384 1139 1533 1206 fuit.
1626 1139 1824 1206 Unus
1883 1139 2081 1206 homo
2147 1161 2234 1205 ex
2301 1138 2463 1226 ipsis
2525 1136 2954 1225 fugientibuS,

513 1217 675 1268 totell
701 1217 830 1270 Ger-

513 1298 709 1342 manus,

851 1260 1093 1325 pavore
1139 1242 1547 1327 perterritae,
1594 1242 1785 1309 venit
1829 1241 1917 1307 ad
1976 1242 2194 1308 locum
2239 1262 2372 1326 quo
2431 1239 2637 1306 abbas
2683 1239 2954 1305 Germa·

512 1349 629 1399 who
596 1365 753 1401 om
849 1361 976 1406 nus
1035 1343 1256 1410 Missae
1300 1345 1577 1431 perfecit
1636 1343 1941 1422 officium,
1987 1344 2102 1431 qui
2162 1343 2224 1409 ei
2269 1341 2704 1409 tremebundo
2763 1340 2955 1408 corde

509 1415 693 1482 sayins

511 1497 666 1533 111888

508 2268 652 2334 They
676 2283 764 2335 ap-

509 2337 702 2400 proach

507 2402 778 2453 Foldbirht

506 2469 803 2584 {rembling-

508 3082 790 3133 Germanus

505 3148 691 3210 speaks
714 3154 772 3199 to

503 3493 660 3545 Their
667 3493 856 3574 ‘con-

503 3568 772 3615 versatim.

504 4210 616 4260 Ben
619 4207 753 4260 edict

501 4275 606 4325 had
626 4277 756 4326 been

504 4342 586 4392 his
606 4342 778 4409 guide.

849 1444 1027 1510 dixit
1070 1446 1144 1511 in
1205 1467 1381 1526 aure,
1431 1446 1712 1514 “Abbas
1773 1445 2205 1513 Foldbirhtus
2250 1445 2428 1511 vivit
2471 1444 2731 1510 iterum.
2733 1442 2769 1469 ’²
2859 1442 2952 1507 At

846 1545 1008 1626 ille,
1021 1547 1261 1614 tollens
1325 1548 1615 1616 casulam
1677 1570 1720 1615 a
1779 1571 1849 1615 se
1911 1571 2045 1636 qua
2088 1548 2370 1614 indutus
2431 1546 2667 1624 fuerat,
2713 1544 2953 1611 festine

846 1648 1142 1729 indutuS,
1190 1651 1364 1718 sicut
1422 1657 1582 1731 erat,
1628 1652 2013 1738 properavit
2071 1652 2160 1718 ad
2221 1650 2444 1715 virum
2505 1670 2702 1735 quem
2765 1647 2952 1734 prius

846 1751 1105 1818 dimisit
1163 1759 1520 1820 mortuum.
1613 1753 1857 1819 Noluit
1917 1753 2094 1819 enim
2154 1753 2405 1818 intrare
2463 1752 2551 1818 ad
2597 1772 2750 1817 eum
2809 1750 2952 1816 sine

845 1855 1038 1933 soci0,
1106 1856 1223 1921 sed
1299 1857 1520 1923 vocari
1595 1856 1754 1922 fecit
1844 1856 2130 1922 alterum
2208 1855 2537 1932 abbatem,
2614 1852 2950 1921 confidens

855 1957 930 2022 in
983 1957 1126 2043 ejus
1171 1958 1521 2025 sodalitate
1582 1957 1639 2024 si
1683 1963 1954 2044 repente
2013 1957 2086 2022 in
2131 1957 2227 2024 eis
2285 1957 2695 2044 irrumperet.
2788 1955 2955 2023 Haec

852 2058 1026 2124 alter
1068 2058 1364 2137 audiens,
1410 2065 1586 2126 retro
1630 2059 1913 2126 recessit.
2007 2059 2211 2126 Facta
2254 2064 2356 2125 est
2416 2057 2733 2124 dissensio
2777 2057 2955 2123 inter

846 2180 957 2225 eos
1006 2161 1156 2246 quis
1217 2183 1444 2227 eorum
1487 2161 1945 2249 ingrederetur
1986 2161 2188 2247 priua
2235 2159 2523 2226 multum
2569 2160 2651 2225 de
2711 2158 2952 2246 princi-

843 2266 1008 2347 patu
1084 2263 1452 2351 cogitantes
1525 2262 1710 2330 haud
1784 2263 2074 2329 minime.
2184 2261 2481 2329 Tandem
2559 2260 2953 2328 Christicola

842 2363 971 2430 Dei
1019 2364 1390 2432 Germanus
1443 2366 1778 2431 animatus
1838 2366 2140 2445 intravit,
2188 2387 2386 2452 quem
2449 2363 2658 2430 nimio
2707 2384 2951 2451 pavore

843 2470 1110 2532 secutus
1156 2473 1259 2533 est
1287 2468 1473 2534 alter.
1565 2468 1856 2554 Utrique
1891 2473 2119 2534 tamen
2149 2467 2480 2533 timebant
2507 2464 2950 2542 vehementer,

841 2568 1224 2654 ignorantes
1287 2568 1533 2655 quidve
1603 2568 1918 2647 dicerent,
1984 2568 2233 2654 quidve
2301 2568 2686 2655 cogitarent.
2781 2567 2952 2631 Tum

843 2669 970 2744 ille,
1018 2670 1266 2748 sedens,
1305 2669 1511 2755 jussit
1559 2670 2090 2756 appropinquare
2135 2670 2407 2750 ambos3
2466 2690 2631 2755 quos
2673 2670 2954 2756 rogabat

845 2774 925 2834 ut
967 2769 1103 2834 suis
1149 2771 1584 2856 praeciperent
1627 2770 1944 2856 subjectis
2006 2776 2085 2836 ut
2128 2771 2349 2856 ipsum
2395 2771 2836 2850 sublevarent,
2881 2777 2953 2837 et

842 2868 915 2934 in
960 2868 1132 2936 lecto
1193 2870 1614 2957 deponerent,
1661 2870 1840 2958 quod
1900 2876 1971 2938 et
2023 2871 2336 2938 fecerunt.
2431 2871 2479 2937 J
2479 2871 2649 2937 ussit
2710 2871 2949 2938 deinde

841 2971 1186 3038 abscedere
1232 2977 1517 3051 cunctos,
1566 2973 1682 3039 sed
1743 2972 2073 3040 Germano
2116 2994 2253 3039 non
2311 2979 2505 3060 grata
2546 2972 2691 3039 haec
2738 2978 2947 3051 erant,

841 3079 1066 3140 tamen
1094 3075 1341 3141 resedit
1369 3096 1520 3141 cum
1566 3097 1684 3156 eo3
1729 3097 1937 3162 quum
1983 3075 2077 3143 sic
2120 3097 2389 3142 exorsus
2434 3080 2570 3142 est:
2618 3084 2651 3111 “
2673 3076 2950 3162 Magno-

842 3184 878 3213 “
921 3197 1074 3263 pere
1105 3177 1405 3264 (miror2)‚
1436 3178 1792 3244 reverende
1824 3183 2030 3265 pater,
2050 3177 2132 3244 de
2161 3183 2282 3246 tua
2311 3178 2536 3245 subita
2562 3178 2951 3258 reversione,

842 3286 876 3314 “
920 3279 1036 3346 sed
1082 3301 1303 3366 quaeso
1332 3279 1574 3345 humili
1618 3301 1809 3367 prece
1853 3286 1933 3346 ut
1963 3280 2254 3368 digneris
2299 3281 2551 3348 edicere
2581 3280 2696 3347 ubi
2741 3279 2948 3361 fuisti,

841 3389 875 3418 “
920 3382 1031 3448 vel
1075 3404 1225 3468 quse
1286 3382 1537 3460 vidisti,
1584 3388 1707 3449 aut
1750 3383 1808 3448 si
1871 3383 2211 3450 ductorem
2256 3382 2550 3469 aliquem
2595 3382 2895 3449 habuisti
2923 3388 2949 3450 2

860 3485 1281 3572 ‘Postquam
1311 3491 1544 3575 raptus
1587 3484 1720 3551 fuit
1748 3484 2025 3572 spiritus
2069 3507 2256 3552 meus
2286 3507 2329 3551 a
2358 3486 2658 3572 corporess
2661 3486 2947 3573 'inquit,

840 3586 1063 3651 “vidi
1121 3587 1484 3653 Dominum
1552 3609 1791 3665 meum,
1855 3587 2124 3654 Ihesum
2170 3586 2525 3667 Christum,
2581 3587 2715 3669 Qui
2781 3587 2949 3653 mihi

839 3688 1426 3755 ‘misericorditer
1499 3687 1782 3754 indulsit
1858 3689 2083 3756 omnia
2155 3694 2429 3777 peccata
2489 3689 2688 3757 meass'
2813 3690 2943 3756 His

837 3790 1088 3856 auditis
1155 3790 1324 3857 alter
1367 3791 1650 3856 nimium
1717 3791 1876 3857 flere
1943 3792 2151 3879 coepit
2211 3814 2348 3879 prae
2396 3792 2659 3881 gaudio,
2705 3792 2815 3860 cui
2878 3797 2948 3858 et

838 3893 1032 3970 dixit,
1080 3901 1115 3929 “
1137 3892 1229 3958 Et
1294 3893 1510 3979 qualis
1571 3898 1674 3959 est
1715 3892 1830 3958 ille
1874 3893 2154 3961 humani
2216 3896 2475 3983 generis
2529 3894 2841 3962 Salvator
2866 3895 2944 3961 ?'’

840 4002 874 4030 “
918 3994 1228 4062 Pulchior
1270 3994 1419 4074 sole,
1466 3994 1678 4081 maj0r
1745 4017 1947 4082 quam
2008 3997 2224 4063 omnis
2285 3997 2476 4076 orbis,
2541 3997 2948 4084 splendidior

838 4105 874 4133 “
918 4097 1132 4163 auro.’'
1256 4104 1290 4131 “
1311 4095 1588 4178 Qualem
1665 4097 2057 4177 ductorem,''
2134 4099 2357 4185 inquit
2400 4099 2785 4179 Germanus,
2832 4108 2868 4136 “
2888 4100 2947 4166 Ο

842 4198 1329 4285 “Foldbyrhte
1373 4199 1582 4277 beate,
1610 4197 1909 4265 habuisti
1937 4204 1961 4264 2
1986 4200 2019 4225 ''
2112 4208 2147 4235 “
2164 4200 2631 4266 Beatissimum
2658 4200 2739 4268 ac
2768 4201 2948 4268 omni

841 4301 1115 4368 “laude
1174 4300 1634 4387 dignissimum
1695 4300 2183 4368 Benedictum.”
2275 4301 2441 4368 Haec
2482 4302 2758 4368 audiens
2818 4303 2950 4384 ille,

839 4404 1052 4522 magis
1095 4403 1288 4470 flevit
1347 4401 1473 4468 ille.
1568 4403 1872 4489 Cumque
1932 4404 2015 4471 de
2073 4403 2313 4471 habitu
2370 4405 2516 4491 ejus
2575 4404 2685 4470 vel
2746 4409 2948 4487 statu,

841 4508 982 4573 sive
1028 4506 1110 4571 de
1168 4504 1603 4571 multitudine
1671 4506 2090 4592 sequentium
2150 4512 2704 4593 percunctaretur,
2753 4507 2947 4588 dixit,

839 4617 875 4644 “
923 4607 1046 4672 Ille
1091 4607 1233 4672 dux
1276 4605 1614 4685 abbatum,
1660 4612 1978 4694 paterque
2023 4607 2494 4676 monachorum
2540 4612 2722 4675 totus
2766 4631 2947 4696 gem-

841 4718 876 4748 “
920 4696 1140 4805 matus
1185 4712 1302 4786 est,
1348 4713 1500 4794 post
1543 4729 1740 4795 quem
1799 4709 2102 4796 sequitur
2144 4710 2509 4777 multitudo
2551 4731 2688 4777 non
2731 4710 2945 4778 solum

1638 4891 1660 4914 ⁸
1682 4883 1838 4938 haud]
1856 4885 2142 4937 noum-tert.
