3600 5800
1829 822 1840 847 ι

873 882 958 943 14
1483 892 1649 942 VITA
1694 892 2024 942 WILFRIDI
2069 891 2374 942 EPISOOPI

871 1076 1111 1157 David,
1178 1101 1345 1166 puer
1404 1079 1648 1146 electus
1710 1102 1753 1145 a
1821 1079 2107 1146 Domino
2153 1084 2270 1157 est,
2318 1085 2389 1145 et
2449 1101 2568 1165 per
2612 1077 2987 1144 Samuelem

872 1186 1129 1257 unctus,
1176 1180 1351 1245 dona
1392 1180 1758 1266 prophetiae
1821 1181 2113 1267 accipere
2177 1186 2329 1266 post
2394 1180 2638 1245 multas
2703 1185 2986 1266 tempta-

874 1281 1088 1347 tiones
1105 1279 1131 1319 ¹
1174 1281 1460 1362 meruit3
1502 1281 1604 1347 ita
1625 1278 1652 1319 ²
1698 1280 1984 1347 Sanctus
2029 1280 2413 1347 wilfi-ithus
2443 1282 2804 1368 presbyter,
2836 1285 2989 1367 post

873 1383 1118 1447 multas
1186 1382 1676 1448 benedictiones
1724 1381 2121 1449 Sanctorum
2187 1382 2332 1460 Dei,
2396 1388 2538 1448 tam
2583 1382 2985 1469 multiplices

873 1484 1262 1550 donationes
1324 1506 1545 1550 coram
1607 1484 1751 1549 Deo
1816 1489 1887 1549 et
1947 1483 2343 1562 hominibuS,
2392 1506 2556 1569 quas
2603 1506 2986 1551 enumerare

874 1585 1098 1650 nullus
1143 1591 1377 1672 potest,
1424 1585 1568 1651 Deo
1613 1586 2009 1663 concedente
2053 1589 2124 1650 et
2167 1586 2242 1650 in
2285 1585 2612 1671 angustiis
2658 1585 2796 1651 suis
2841 1607 2985 1652 cus-

873 1688 1186 1766 todiente,
1233 1688 1500 1774 accepit.

1625 1896 2077 1981 [GAPrmLUM
2121 1896 2234 1982 X.]

920 2038 1015 2105 De
1060 2036 1378 2127 conflictu
1432 2035 1765 2125 Wilfritlzi
1799 2035 2170 2125 presbyteri
2212 2043 2450 2103 contra
2498 2037 2960 2107 Colmawnwn

1344 2141 1730 2229 episcopm
1771 2141 1854 2207 de
1898 2141 2165 2209 ‘ratione
2209 2138 2526 2207 Paschoe.³

538 2292 784 2409 ξθιῗίγὲῗᾱ
967 2281 1271 2361 Quodam
1330 2286 1626 2367 tempore
1672 2281 1747 2345 in
1791 2280 2025 2346 diebus
2072 2280 2424 2348 Colmanni
2470 2281 2781 2348 Eboracee
2826 2282 2990 2349 civi-

539 2424 806 2478 streanes-
876 2382 1040 2449 tatis
1102 2383 1391 2470 episcopi
1474 2381 2018 2469 metropolitanis¹
2091 2383 2526 2469 reg-nantibus
2606 2382 2840 2448 Oswiu
2914 2389 2985 2448 et
3071 2416 3080 2422 ·

662 2493 697 2569 ¹?
879 2482 1256 2549 Alchffitho
1323 2482 1463 2548 filio
1526 2483 1685 2569 ejus,
1733 2482 2022 2561 abbateS,
2088 2489 2159 2548 et
2201 2482 2588 2570 presbyteri,
2635 2503 2990 2568 omnesque

539 2638 610 2673 on
632 2561 806 2677 ,ἐξω
880 2584 1332 2651 ecclesiasticae
1379 2583 1713 2670 diciplinae
1756 2584 2016 2671 gradus,
2065 2583 2265 2648 simul
2309 2584 2381 2648 in
2427 2605 2636 2648 unum
2681 2585 2990 2650 conveni-

538 2689 722 2743 Easter
733 2709 855 2746 oon-
879 2691 1082 2764 entes,
1114 2684 1189 2750 in
1232 2684 1533 2751 coenobio
1564 2684 1742 2769 quod
1772 2682 2293 2771 Streuneshalgh
2318 2683 2345 2722 ⁵
2374 2684 2635 2761 dicitur,
2667 2691 2990 2770 praesente

538 2762 790 2825 troversy.
878 2786 1381 2856 sanctimoniale
1443 2792 1656 2853 matre
1701 2786 2002 2873 piissima
2047 2782 2267 2864 Hilde,
2338 2786 2776 2873 praesentibus
2830 2809 2991 2874 quo-

880 2912 1010 2978 que
1053 2889 1337 2976 regibus,
1390 2893 1462 2954 et
1505 2886 1778 2965 duobus,
1829 2886 2196 2955 Colmfflno
2242 2891 2312 2953 et
2355 2887 2789 2975 AEgilberhto,
2855 2889 2992 2977 epi-

739 3026 749 3037 -
877 2991 1104 3078 scopis,
1171 2991 1252 3057 de
1319 2989 1620 3057 Paschali
1663 2989 1921 3055 ratione
2014 2990 2505 3074 conquirebant,
2584 2991 2748 3076 quid
2822 2997 2995 3058 esset

878 3096 1358 3175 rectissimum3
1400 3101 1645 3173 utrum,
1692 3117 1874 3161 more
1905 3094 2290 3162 Brittonum
2321 3100 2391 3160 et
2422 3094 2821 3175 Scottorum,
2854 3117 2990 3162 om-

877 3201 1113 3286 nisque
1142 3199 1557 3286 Aquilonalis
1587 3198 1812 3286 partis,
1845 3219 1888 3264 a
1918 3198 2410 3285 quartadecima
2453 3198 2616 3274 luna
2644 3199 2995 3268 Dominica

877 3306 985 3372 die
1047 3305 1359 3372 veniente
1428 3306 1663 3390 [usque
1730 3303 1819 3370 ad
1863 3302 2245 3370 vicesimam
2311 3304 2666 3371 secundam
2742 3303 2995 3371 Pascha

876 3408 1250 3495 agendum3
1308 3427 1399 3472 an
1458 3404 1708 3471 ‘melius
1782 3404 1875 3470 sit
1948 3404 2205 3471 ratione
2268 3404 2442 3470 sedis
2486 3404 2885 3491 Apostolicae
2951 3426 2995 3472 a

810 3519 819 3532 “
879 3510 1372 3595 quintadecima
1443 3508 1632 3593 luna]
1656 3504 1685 3544 ⁶
1748 3527 1958 3591 usque
2021 3506 2096 3570 in
2161 3506 2476 3573 vicesima
2556 3505 2773 3592 prima
2834 3506 2991 3573 Pas·

878 3609 1133 3677 chalem
1178 3608 1354 3673 diem
1400 3603 1818 3672 Dominicam
1865 3604 2366 3674 celebrandam.⁷

540 3716 736 3781 Bishop
967 3710 1254 3796 Tempus
1324 3709 1555 3774 datum
1609 3712 1712 3773 est
1773 3706 2139 3775 Colmanno
2179 3709 2481 3797 episcopo
2547 3709 2854 3797 primum,
2915 3713 2996 3774 ut

540 3857 824 3914 represents
879 3812 1158 3900 dignum
1242 3815 1401 3889 erat,
1469 3810 1897 3876 audientibus
1979 3812 2249 3889 cunctis,
2314 3812 2586 3882 reddere
2650 3812 2992 3879 rationem.

542 3915 647 4033 ἑξεῖ
657 3916 837 4050 {effi}
884 3915 1009 3980 Ille
1052 3920 1278 3981 autem
1324 3912 1659 3999 intrepida
1699 3918 1924 3978 mente
1969 3914 2370 4001 respondens
2415 3915 2632 3979 dixit:

950 4168 967 4202 ¹
1005 4164 1372 4233 temptationes]
1399 4161 1772 4223 tribulationes,
1796 4162 1864 4213 A.
2049 4164 2070 4196 ³
2112 4160 2524 4226 Semeshalylz]
2557 4161 2898 4227 Streaneshel,
2919 4163 2993 4215 A.

948 4247 970 4281 ²
1003 4249 1207 4307 mes-eit,
1238 4244 1340 4311 ita]
1368 4242 1671 4306 transposed
1692 4240 1746 4291 in
1770 4241 1840 4291 A.
2049 4240 2071 4273 ⁶
2103 4240 2217 4291 'Hie
2236 4241 2405 4290 words
2428 4237 2604 4288 within
2626 4239 2866 4293 brackets
2905 4258 2995 4294 are

948 4324 972 4358 ⁸
1005 4326 1065 4376 de
1084 4327 1278 4375 ratione
1299 4319 1540 4385 Pascha]
1564 4336 1663 4371 om.
1687 4318 1757 4370 A,
1982 4319 2148 4369 added
2167 4318 2300 4368 from
2313 4316 2401 4379 A„
2417 4316 2610 4384 having
2629 4319 2761 4369 been
2777 4321 2995 4373 omitted

948 4405 970 4437 ⁴
1002 4401 1385 4469 metropolitani]
1425 4397 1641 4452 Colman
1661 4412 1765 4448 was
1787 4405 1894 4448 act-
1979 4396 2034 4447 in
2057 4397 2145 4447 the
2166 4395 2282 4448 MS.

884 4484 976 4549 ing
1010 4498 1066 4533 as
1100 4481 1287 4546 bishop
1322 4480 1376 4531 in
1398 4475 1679 4532 Yorkshire
1710 4476 1896 4543 during
2047 4473 2072 4513 ⁷
2104 4490 2255 4540 usque
2297 4475 2351 4525 in
2393 4476 2624 4526 vicesima
2659 4477 2825 4541 prima
2860 4477 2997 4531 Pas.

886 4562 972 4613 the
992 4575 1240 4624 vacancy.
1284 4558 1371 4610 He
1394 4572 1500 4607 was
1521 4563 1627 4617 not,
1639 4553 1897 4619 however,
1937 4549 1941 4598 ἶ
1986 4550 2172 4603 chalem
2222 4553 2344 4605 diem
2388 4553 2702 4606 Dominicam
2745 4555 2998 4610 celebran-

886 4638 1264 4702 metropolitan,
1288 4653 1345 4687 as
1367 4636 1514 4687 there
1535 4634 1641 4686 had
1672 4636 1803 4686 been
1826 4649 1894 4683 no
1935 4687 1940 4700 ¹
1983 4630 2120 4698 dam]
2173 4632 2291 4684 MS.
2335 4634 2439 4684 and
2481 4634 2542 4684 B.
2590 4634 2892 4703 (according
2939 4645 2995 4688 to

887 4716 1193 4780 archbishop
1216 4715 1280 4765 of
1295 4714 1443 4767 York
1469 4712 1609 4766 since
1642 4712 1894 4765 Paulinus
1984 4709 2141 4771 Gale)
2171 4730 2185 4771 ;
2242 4721 2426 4774 usque
2459 4711 2567 4763 xxi.
2609 4712 2809 4764 Pascha
2863 4723 2999 4766 esset

888 4795 984 4847 lest
1006 4795 1095 4846 the
1120 4792 1288 4845 north.
1934 4749 1944 4856 l
1984 4785 2258 4839 Dominica
2280 4788 2601 4854 celebranda,
2624 4791 2695 4841 A.
2727 4851 2740 4864 ,
