3600 5800
1337 889 1677 941 nchnsnn
1723 889 2202 943 monacnum.
2349 878 2362 889 ’
2682 873 2815 945 377

376 1074 680 1142 Beda,v.13.
711 1079 746 1107 “
789 1080 1004 1139 Omnia
1036 1083 1402 1140 flammarum
1434 1084 1674 1158 fastigia
1707 1102 1884 1142 cerno
1925 1078 2162 1165 repleri
2838 1089 2944 1138 and
2965 1088 3054 1138 the

712 1180 747 1209 ‘⁴
793 1181 1112 1255 spiritibus
1144 1182 1448 1241 hominum
1491 1177 1761 1255 miseris,
1810 1179 1926 1264 qui
1970 1202 2149 1247 more
2192 1182 2439 1249 favfflae
2733 1194 2745 1207 κ
2840 1161 3128 1286 ffigngss„

715 1282 750 1310 “
795 1275 967 1342 Cum
1011 1275 1295 1341 flammis
1338 1278 1587 1363 pariter
1630 1280 2034 1348 scandebant
2076 1288 2279 1370 atque
2322 1285 2663 1363 cadebant,
2931 1366 2938 1375 ,

715 1382 750 1411 “
795 1375 928 1443 Sed
969 1377 1217 1443 nimius
1260 1379 1459 1446 foetor
1501 1381 1636 1448 late
1680 1384 1824 1451 loca
1866 1391 2106 1471 cuncta
2147 1387 2459 1476 replebat.
2684 1389 2811 1454 935

713 1486 751 1577 ᾗ*
794 1478 1086 1567 Longius
1129 1480 1273 1548 haec
1316 1503 1586 1549 cernens
1629 1485 2066 1573 circumstetit
2109 1487 2404 1573 undique
2448 1493 2673 1565 terror,

715 1587 749 1615 “
791 1580 1048 1667 Utpote
1092 1583 1257 1670 quid
1300 1585 1592 1664 facerem,
1639 1608 1896 1673 possem
1940 1606 2071 1674 quo
2115 1593 2371 1653 vertere
2415 1609 2726 1675 gressum,
2841 1605 2926 1653 He
2951 1603 2995 1654 is
3015 1580 3107 1655 le'ft

716 1691 752 1719 “
796 1684 1068 1765 Inscius&
1114 1692 1237 1754 aut,
1281 1688 1518 1757 misero
1563 1698 1667 1769 qui
1700 1698 1837 1755 finis
1879 1689 2050 1756 forbe
2094 1700 2397 1755 maneret.¹
2843 1671 3007 1732 ⁸¹⁰ne’

716 1794 751 1823 “
794 1797 990 1856 Audio
1034 1794 1182 1855 tum
1226 1789 1447 1856 subito
1490 1790 1783 1855 sonitum
1828 1805 1963 1871 post
1995 1805 2165 1873 terga.
2207 1798 2606 1877 gementum,

718 1899 752 1927 “
795 1892 1073 1959 Necnon
1116 1912 1236 1958 ceu
1278 1891 1465 1978 vulgi
1509 1898 1702 1978 capto
1746 1914 1944 1979 super
1972 1893 2161 1960 hoste
2205 1893 2639 1976 cachinnum3
2685 1896 2815 1962 940

716 2001 751 2029 “
798 1992 931 2073 Qui
973 2014 1175 2080 prope
1221 1994 1380 2059 dum
1425 1994 1724 2072 veniunt,
1768 1994 1990 2060 hostes
2034 2016 2313 2082 agnosco
2358 1996 2695 2083 maligma,
2840 2019 2906 2053 nu
2874 2004 2945 2052 ud
2964 2019 3075 2055 sees

718 2103 754 2130 “
797 2095 907 2160 Ad
950 2117 1182 2182 poenas
1226 2095 1480 2162 animas
1525 2096 1857 2162 ululantes
1901 2097 2194 2182 quinque
2239 2096 2591 2177 trahentes,
2840 2071 3082 2202 ξξῗζὲῗέε

720 2206 754 2232 “
799 2196 970 2263 Cum
1015 2198 1255 2283 quibus
1300 2198 1372 2262 in
1415 2198 1617 2263 medii
1663 2198 2071 2265 descendunt
2113 2198 2250 2264 ima
2292 2199 2604 2266 barathri.
2791 2214 2800 2221 '
2842 2202 2979 2252 ⁸0⁰¹⁸
3002 2209 3057 2252 ¹²⁰

719 2307 754 2334 “
797 2299 1284 2366 Flammivomo
1320 2323 1355 2366 e
1401 2307 1603 2387 puteo
1648 2301 1920 2387 quidam
1967 2301 2201 2367 deinde
2246 2301 2522 2388 maligni
2842 2267 2929 2318 ὼε
2951 2269 3061 2320 fite:

718 2407 754 2435 “
798 2400 1149 2467 Daemones
1193 2402 1576 2482 ascendunt,
1623 2412 1811 2469 oculis
1847 2411 2297 2477 flammantibus,
2346 2409 2546 2488 atque
2688 2406 2815 2470 945

719 2510 754 2538 “
800 2503 910 2570 Me
955 2503 1540 2583 circumsteterant,
1586 2511 1860 2585 putidum
1896 2511 1970 2568 de
2006 2512 2244 2567 naribus
2279 2513 2477 2584 ignem
2844 2512 2994 2579 They
3015 2531 3123 2592 sur-

719 2613 753 2641 “
797 2614 1043 2692 Oreque
1088 2607 1413 2693 spirantes
1458 2607 1706 2693 ignitis,
1753 2627 1988 2691 meque
2034 2606 2377 2672 minantur

720 2714 752 2743 “
797 2707 1120 2775 Prendere
1163 2709 1554 2795 forcipibus;
1599 2729 1722 2775 nec
1763 2729 1871 2774 me
1916 2708 2294 2796 contingere
2338 2714 2605 2777 tantum
2713 2734 2730 2745 ’

716 2819 751 2845 “
793 2811 948 2878 Jam
991 2818 1313 2899 poterant,
1360 2812 1662 2899 quamvis
1707 2811 1994 2877 multum
2040 2816 2282 2878 terrere
2327 2812 2639 2878 valerent.

716 2923 749 2949 “
795 2915 981 2984 Tunc
1027 2938 1146 3003 ego
1190 2916 1531 2984 conclusus
1576 2916 1867 2982 tenebris
1913 2921 1983 2981 et
2024 2916 2112 2981 ab
2154 2915 2344 2981 hoste
2374 2922 2651 2995 coactue‚
2690 2919 2820 2982 950

718 3025 752 3054 “
796 3019 1250 3106 Circumspexi
1295 3019 1515 3096 oeulis,
1563 3017 1820 3104 aliquid
1864 3018 1921 3083 31
1966 3017 2136 3083 forte
2182 3018 2441 3083 veniret

715 3127 750 3154 “
795 3120 1071 3198 Anatilii,
1119 3141 1250 3205 quo
1292 3120 1431 3205 jam
1476 3120 1765 3184 salvarer
1808 3119 1894 3184 ab
1936 3117 2128 3184 hoste
2172 3123 2460 3184 cruento.
3233 3197 3243 3207 ·

715 3227 751 3255 “
794 3221 981 3288 Tunc
1022 3220 1189 3285 mihi
1233 3227 1383 3306 post
1425 3226 1686 3306 tergum
1716 3218 1907 3284 fulsit
1950 3219 2139 3304 quasi
2168 3220 2361 3285 stella
2390 3241 2508 3304 per
2535 3220 2817 3298 umbras,
2845 3231 2941 3281 His
2960 3248 3047 3297 ειη
3031 3232 3112 3283 ide

716 3330 751 3358 ιι
796 3323 963 3402 Quae
1006 3323 1216 3408 magis
1260 3341 1626 3387 megoens
1671 3340 2156 3405 properansque
2186 3320 2536 3407 fugaverat
2579 3320 2817 3388 hostes.
2843 3304 3088 3429 zm}

582 3447 593 3456 ·
716 3431 751 3459 “
794 3424 957 3489 Dux
1001 3428 1144 3489 erat
1187 3422 1301 3487 ille
1344 3443 1528 3486 meus
1572 3421 1847 3486 veniens
1892 3442 2043 3487 cum
2087 3420 2232 3486 luce
2275 3428 2595 3507 repente3
2687 3425 2815 3488 955
2842 3429 2951 3480 fiee.

717 3534 751 3560 “
796 3525 1004 3612 Cujus
1048 3526 1121 3590 in
1164 3524 1461 3589 adventu
1505 3523 1822 3610 fiigerunt
1865 3522 2194 3589 daemones
2237 3524 2384 3590 atri.

716 3635 751 3662 “
796 3627 976 3694 Hinc
1020 3625 1349 3693 convertit
1392 3633 1503 3689 iter
1535 3633 1863 3689 brumalem
1899 3633 2042 3690 solis
2088 3624 2175 3689 ad
2218 3637 2430 3699 ortum,

654 3761 667 3768 ·
716 3739 750 3767 “
794 3730 1125 3816 Noctique
1171 3733 1470 3814 ereptum
1516 3726 1766 3792 nitidas
1810 3754 1906 3792 me
1942 3735 2112 3792 duxit
2145 3736 2208 3792 in
2244 3753 2432 3793 auras.

717 3841 751 3869 “
796 3833 976 3899 Ante
1020 3833 1138 3898 ubi
1183 3853 1303 3897 nos
1347 3851 1579 3895 murus
1622 3830 1845 3895 subito
1890 3830 2258 3916 comparuit
2299 3830 2549 3922 ingena,

716 3942 751 3970 “
797 3935 930 4018 Qui
974 3935 1116 4000 sine
1162 3934 1294 3999 fine
1339 3932 1444 3998 sui
1488 3932 1582 3998 sic
1625 3931 1810 3997 visus
1855 3931 2092 4018 longus
2136 3937 2206 3997 et
2249 3931 2443 4010 altuS,
2685 3936 2817 4000 960

715 4043 750 4071 “
794 4031 1041 4101 Nullus
1085 4041 1165 4101 ut
1207 4039 1480 4101 extenso
1525 4032 1865 4099 videretur
1907 4033 2229 4098 terminus
2273 4032 2389 4098 1111.

712 4143 748 4173 “
794 4137 928 4204 Sed
971 4158 1172 4224 prope
1217 4136 1376 4201 dum
1420 4135 1740 4212 venimus,
1787 4156 1936 4220 quo,
1982 4135 2161 4221 quali
2205 4134 2423 4201 nescio
2467 4138 2642 4202 certe
2839 4135 2963 4254 gg
2946 4152 2992 4253 ξε
3012 4152 3142 4189 now-

718 4247 752 4276 “
797 4239 1061 4319 Ordine,
1107 4259 1228 4304 nos
1272 4238 1520 4304 fuimus
1564 4241 1818 4303 stantes
1863 4239 1935 4302 in
1980 4237 2264 4306 culmine
2308 4236 2497 4302 muri.
2841 4219 3056 4349 Επὲζζ

717 4350 753 4378 “
797 4352 981 4407 Ecce!
1020 4349 1105 4407 ibi
1139 4366 1377 4421 campus
1412 4351 1540 4403 erat
1581 4359 1878 4426 magnus»,
1923 4339 2402 4426 pulcherrimus
2446 4325 2662 4426 atque,
2843 4335 3002 4401 plain

718 4453 753 4481 “
798 4444 1008 4532 Cujus
1052 4433 1284 4510 tantus
1328 4448 1471 4509 erat
1515 4442 1870 4530 flagrantis
1913 4442 2109 4507 nidor
2151 4442 2383 4520 odoriS,
2643 4523 2646 4526 ¹
2683 4445 2811 4511 965

780 4691 798 4724 1
832 4695 865 4722 u
881 4691 1077 4757 [1190oe
1110 4689 1329 4742 incertus
1350 4687 1476 4755 quid
1498 4703 1717 4756 agerem,
1809 4691 1843 4719 ‘⁴
1874 4686 1992 4739 finis
2014 4694 2256 4750 maneret,
2279 4688 2429 4740 audio
2451 4687 2673 4740 subitum
2699 4698 2818 4756 post

710 4775 745 4803 u
778 4788 881 4838 quo
919 4779 1174 4825 verterem
1217 4785 1465 4838 gtfflum,
1502 4767 1591 4836 qui
1635 4783 1718 4820 me
1807 4769 1843 4799 ‘⁸
1876 4774 2021 4834 terga
2043 4766 2311 4829 sonitumss’
2334 4776 2433 4819 etc.
2498 4768 2654 4819 Beda.
