3600 5800
1204 908 1521 959 mc'ronn
1567 840 1803 957 11111110ἰ
1827 904 2198 957 εΤκΡΗΛΝο.
2535 868 2538 875 ’
2671 891 2754 957 29

644 1098 940 1175 audiens,
1009 1096 1303 1163 oratione
1348 1095 1539 1174 facta,
1602 1116 1874 1162 manum
1934 1115 2182 1181 ponens
2227 1116 2426 1182 super
2468 1095 2753 1165 cadaver

645 1201 913 1278 mortui,
960 1205 1031 1265 et
1074 1198 1303 1265 statim
1366 1196 1737 1284 respiravit,
1778 1202 1851 1263 et
1909 1196 2216 1283 spiritum
2284 1198 2445 1264 vitae
2488 1198 2749 1285 recepit.
2778 1200 2891 1280 frhe
2914 1200 3053 1278 child

650 1305 1142 1372 Resuscitatum
1172 1303 1397 1388 itaque
1426 1308 1497 1369 et
1538 1302 1949 1389 baptizatum
1995 1303 2192 1375 matri
2239 1302 2561 1369 infantem
2606 1304 2750 1369 red-
2779 1269 3090 1384 {Zffiffssed

649 1407 841 1485 didit,
887 1405 1401 1493 praecipiensque
1431 1406 1492 1471 ei
1538 1405 1612 1470 in
1654 1404 1922 1499 nomine
1966 1403 2240 1470 Domini
2270 1409 2348 1470 ut
2378 1405 2506 1471 sibi
2537 1405 2751 1471 filium
2777 1402 2924 1499 thn
2973 1469 3007 1515 b
3044 1477 3064 1517 t

649 1531 846 1574 suum
874 1509 949 1575 in
978 1507 1261 1594 septima
1289 1527 1612 1573 annorum
1642 1511 1844 1572 aetate
1875 1505 2017 1571 Deo
2038 1506 2125 1571 ad
2154 1506 2576 1572 serviendum
2606 1508 2751 1572 red-
2777 1483 3041 1597 mean-u

651 1614 850 1679 deret.
944 1612 1138 1693 Quod
1181 1610 1434 1689 mulier,
1465 1610 1788 1677 malevolo
1812 1610 1836 1648 ¹
1881 1609 2200 1676 suadente
2230 1611 2486 1690 marito,
2517 1612 2751 1677 videns
2778 1600 2974 1717 ¹3?ssssss

651 1718 1015 1804 elegantem
1082 1737 1377 1803 puerum,
1443 1716 1854 1802 contempsit,
1917 1716 2177 1802 fugiens
2246 1716 2327 1781 de
2393 1721 2572 1782 terra
2615 1739 2749 1783 sua.
2978 1705 2989 1716 ⁹

651 1822 863 1902 Quem
907 1820 1253 1908 praefectus
1297 1821 1601 1906 episcopi,
1650 1819 1919 1887 nomine
1964 1818 2202 1896 Hocca,
2249 1819 2566 1885 latentem
2627 1823 2752 1887 sub
2778 1834 2891 1885 The
2913 1814 3053 1885 child

648 1923 799 1988 aliis
828 1922 1226 1999 Brittonum,
1273 1922 1643 2007 quaesitum,
1690 1921 1970 1997 invenit,
2015 1926 2086 1986 et
2128 1926 2348 1987 coacte
2407 1922 2751 2000 abstraxit,
2778 1901 3006 2017 ἷζὲὲῖᾖω

562 2022 569 2028 ’
647 2025 737 2090 ad
767 2025 1269 2111 episcopumque
1298 2023 1599 2091 contulit.
1678 2023 1843 2088 Erat
1872 2026 2095 2087 autem
2127 2044 2291 2109 puer
2320 2025 2704 2109 cognomine
2729 2023 2755 2063 ²
3011 2005 3021 2016 ⁴

650 2125 861 2193 Fih‘us
908 2126 1227 2212 Episcopi,
1260 2126 1496 2193 vivens
1540 2126 1613 2191 in
1657 2124 1786 2191 Dei
1818 2124 2091 2190 servitio
2135 2125 2207 2189 in
2239 2122 2509 2212 Hrypis,
2541 2146 2749 2212 usque

655 2231 815 2295 dum
862 2231 932 2294 in
978 2229 1382 2297 mortalitate
1426 2251 1668 2315 magna
1712 2228 1890 2295 diem
1935 2227 2148 2294 obiit.⁴

1366 2490 1812 2577 [CAPITULUM
1861 2489 2078 2577 XIX]

1029 2656 1123 2721 De
1165 2654 1449 2722 victmula
1492 2655 1666 2741 ‘reyis
1708 2655 1794 2722 ’ἱπ
1826 2655 2071 2742 feroces
2115 2656 2351 2724 Pictos
2379 2655 2394 2665 ’

742 2778 824 2891 In
886 2823 1118 2890 diebus
1180 2828 1407 2889 autem
1452 2822 1585 2888 illis
1632 2822 1984 2904 Ecfiithus,
2031 2846 2150 2890 rex
2194 2826 2553 2914 religiosus,
2599 2850 2750 2894 cum
2776 2835 2987 2903 Eogfrid
3001 2838 3104 2888 and

650 2926 1030 2992 beatissima
1093 2925 1323 3011 regina
1387 2923 1875 3011 AEthiltrythe,⁵
1935 2927 2124 3013 cujus
2189 2949 2423 3015 corpus
2499 2931 2750 3007 vivens,
2777 2905 3090 3035 ffitffifflffla

649 3037 807 3096 ante
884 3027 1321 3115 impollutum,
1387 3033 1538 3114 post
1598 3034 1876 3095 mortem
1945 3030 2398 3118 incorruptum
2463 3039 2956 3122 manens‚sa310u,r

651 3131 871 3199 adhuc
974 3131 1398 3208 demonstrat,
1491 3131 1687 3196 simul
1764 3132 1836 3195 in
1899 3154 2104 3198 unum
2184 3135 2525 3203 Wilfritho
2615 3138 2750 3224 epi·
2780 3105 2828 3154 w
2846 3105 2997 3154 ssffid'

652 3255 847 3321 scopo
893 3234 966 3302 in
1011 3232 1316 3300 omnibus
1360 3232 1739 3298 obedientes
1782 3233 1957 3312 facti,
2005 3257 2137 3321 pax
2184 3242 2253 3301 et
2318 3238 2634 3324 gaudium
2680 3240 2752 3304 in

652 3337 927 3423 populis,
973 3341 1043 3401 et
1109 3335 1268 3399 anni
1334 3334 1648 3421 frugiferi,
1697 3336 2122 3423 victoriaeque
2196 3338 2268 3403 in
2313 3339 2549 3418 hostes,
2611 3340 2755 3408 Deo

651 3438 1030 3523 adjuvante,
1078 3436 1441 3503 subsecutae
1487 3442 1659 3501 sunt.
1754 3436 1945 3503 Sicut
2007 3441 2183 3504 enim
2235 3441 2508 3527 juvenis
2552 3442 2598 3507 J
2600 3465 2710 3508 oas
2729 3443 2756 3482 ⁰

590 3593 599 3605 ,
660 3561 777 3605 rex
821 3539 1017 3615 Juda,
1064 3538 1110 3603 J
1112 3537 1278 3604 oada
1338 3537 1670 3604 sacerdote
1733 3559 1974 3626 magno
2019 3542 2290 3612 vivente
2333 3542 2565 3622 adhuc,
2611 3543 2753 3610 Deo

659 3642 925 3728 placuit,
972 3647 1042 3706 et
1104 3641 1176 3705 in
1236 3640 1458 3708 hostes
1520 3640 1998 3726 triumphavit3
2041 3650 2300 3710 mortuo
2345 3667 2501 3712 vero
2546 3668 2752 3713 sacer-

656 3744 827 3819 dote,
872 3742 1014 3809 Deo
1056 3742 1414 3829 displicuit,
1461 3747 1532 3807 et
1575 3742 1649 3806 in
1691 3741 1913 3808 hostes
1957 3745 2365 3832 triumphare
2428 3749 2626 3814 desiit
2686 3757 2755 3816 et

657 3864 931 3931 regnum
994 3844 1281 3926 minuit;
1348 3845 1446 3909 ita
1515 3841 1812 3910 chritho
1878 3866 2028 3931 rege
2089 3846 2161 3911 in
2206 3850 2549 3916 concordia
2593 3873 2752 3936 pon-

874 4008 1111 4016 --—---—-.-
1332 4008 1343 4012 —
1366 4009 1417 4013 μ,-
1442 4006 1593 4012 *ww-—
1624 4007 1643 4012 -
1662 4006 1801 4012 ,ψ
1829 4007 1920 4012 —-—

2319 4011 2450 4018 ς..-
2491 4011 2704 4021 —...—..-—

726 4093 748 4127 1
776 4093 1032 4160 malevolo]
1060 4094 1330 4155 malevola,
1353 4094 1421 4143 A.
1750 4096 1781 4120 “
1818 4093 2005 4144 tizatus
2040 4094 2158 4146 vitae
2196 4098 2412 4160 perenni
2447 4097 2642 4149 viveret
2678 4099 2754 4150 fu-

722 4173 743 4205 ⁹
774 4175 1074 4240 coquentium]
1114 4173 1375 4236 Eodvald,
1410 4179 1461 4222 et
1500 4187 1658 4238 agno-
1750 4176 1781 4201 “
1819 4181 1943 4224 turoe
1970 4175 2352 4227 beatitudinis.”

657 4252 810 4315 minc,
833 4254 924 4302 ine.
946 4253 1017 4302 A.
1817 4253 1839 4285 ⁶
1872 4252 2226 4322 AEtltiltvytlae]
2274 4257 2641 4320 Etheldritha,
2685 4261 2751 4311 A.

721 4331 742 4361 ³
774 4333 837 4383 In
861 4332 1175 4405 eamean,
1198 4330 1269 4381 iii.
1294 4333 1404 4396 27).
1753 4331 1815 4380 In
1865 4332 1960 4382 the
2015 4334 2215 4398 margin
2272 4334 2337 4384 of
2380 4335 2469 4386 the
2512 4333 2627 4388 MS.
2674 4338 2756 4392 Sir

721 4413 741 4443 ⁴
772 4410 925 4478 obiit]
950 4415 1019 4462 A.
1037 4413 1181 4472 adds,
1198 4416 1229 4441 ‘⁸
1246 4411 1457 4476 Oquam
1472 4423 1661 4474 magna
1753 4411 1946 4461 Robert
1981 4410 2168 4462 Cotton
2203 4412 2296 4461 has
2331 4412 2546 4474 written,
2580 4419 2612 4443 “
2630 4415 2755 4468 Haeo

657 4493 688 4517 “
723 4496 774 4539 et
823 4489 1071 4540 mirabilis
1124 4489 1471 4539 misericordia
1516 4489 1658 4539 Dei!
1752 4494 1783 4518 ‘⁶
1821 4491 1950 4554 legis
1972 4490 2025 4539 in
2048 4491 2247 4542 Thoma
2265 4491 2476 4557 Elyensi
2500 4495 2555 4544 in
2573 4496 2758 4562 vota)

659 4575 687 4595 ‘⁸
724 4570 826 4631 Qui
880 4586 973 4634 per
1012 4569 1255 4618 famulum
1308 4570 1469 4620 Suum
1506 4585 1657 4619 vene·
1753 4572 1785 4597 ‘⁴
1819 4569 2158 4620 Etheldredae.
2225 4570 2343 4620 Non
2365 4573 2592 4624 nominat
2616 4575 2757 4626 Hed-

659 4651 688 4674 “
723 4649 894 4698 raudo
928 4646 1202 4697 mentionis
1235 4646 1540 4696 infantulum
1574 4648 1660 4696 de-
1755 4651 1785 4676 “
1822 4647 2015 4697 dium.”

661 4731 689 4754 ‘⁶
726 4727 970 4783 stinctum.
995 4734 1048 4777 et
1070 4742 1173 4776 non
1195 4726 1526 4790 baptizatum,
1547 4727 1662 4777 ideo
1822 4728 1843 4758 ὅ
1875 4726 2037 4793 Joas]
2063 4730 2164 4788 A.;
2195 4729 2385 4793 sosias,
2408 4730 2522 4784 MS.

662 4811 691 4835 “
727 4808 779 4856 in
804 4808 937 4858 hanc
960 4808 1118 4858 vitam
1152 4806 1428 4866 revocavit,
1444 4813 1505 4880 ⁴ut
1540 4808 1663 4870 bap-
