3600 5800
889 868 1022 932 450
1527 881 1693 932 vrrA
1738 881 1984 933 emon
2028 880 2357 944 ostALm,

886 1070 1028 1157 ipse
1093 1069 1467 1157 intrepidus
1535 1090 1705 1156 equo
1773 1071 2039 1138 resedit.
2128 1068 2489 1139 Dementia
2556 1068 2806 1157 quippe
2866 1089 3007 1138 una

890 1176 1034 1239 erat
1079 1171 1153 1236 in
1204 1172 1317 1252 eis,
1363 1192 1614 1258 parque
1657 1172 1935 1239 1633613.
2026 1171 2217 1239 Τ1166
2258 1172 2564 1258 nequitia
2605 1172 2891 1259 pessima
2933 1178 3005 1239 et

891 1273 1228 1340 dementia
1288 1273 1674 1342 truculenta.
1731 1273 2192 1340 Beelzebutini
2257 1274 2472 1340 hostis
2533 1274 2863 1361 flagrabat
2928 1274 3004 1339 in

889 1376 1230 1443 mentibus
1276 1397 1758 1444 venenosorum
1802 1377 2136 1460 miiitum3
2181 1382 2330 1444 tum
2380 1377 2647 1463 sagittae
2690 1377 3007 1446 toxicatae

556 1481 688 1532 Acts
708 1479 778 1531 iv.
891 1477 1202 1545 facinoris
1232 1478 1437 1545 Pilati
1480 1485 2002 1546 exsurrexerunt
2046 1479 2213 1547 satis
2259 1479 2616 1547 crudeliter
2644 1479 3008 1548 adversm

556 1552 639 1597 ²⁶·
892 1579 1293 1660 Domdwwm,
1337 1588 1399 1649 et
1437 1580 1763 1649 adversus
1795 1579 2145 1648 Christum
2186 1580 2377 1668 Ejus,
2409 1581 2527 1668 qui
2571 1587 2717 1649 erat
2760 1581 3008 1652 electus

893 1682 981 1749 ad
1047 1683 1372 1750 tuendum
1439 1683 1836 1751 dulcissimae
1897 1684 2118 1770 gentis
2176 1706 2457 1772 regnum
2524 1691 2595 1751 et
2636 1684 3007 1772 imperium,

559 1793 669 1845 The
690 1808 853 1846 amas-
894 1785 1206 1854 derelicto
1223 1791 1430 1873 patre.
1523 1785 1775 1852 Milites
1806 1805 1963 1874 ergo
1986 1791 2291 1853 tenentes
2322 1808 2492 1866 eum,
2524 1807 2701 1852 unus
2731 1787 2819 1854 ad
2849 1787 3009 1854 dex-

560 1860 796 1915 madon.
893 1893 1106 1956 teram
1143 1889 1364 1976 ipsum
1391 1887 1702 1956 trahebat
1730 1887 1820 1954 ad
1848 1909 1918 1954 se
1951 1889 2137 1974 quasi
2162 1889 2460 1957 osculum
2478 1889 2581 1954 illi
2601 1890 2758 1957 dare
2787 1889 3010 1966 vellet,

893 1990 1063 2057 alter
1106 2011 1268 2057 vero
1314 1990 1657 2058 sinistram
1721 1989 1867 2077 ejus
1929 1990 2185 2057 duriter
2246 1990 2519 2078 accepit,
2566 1991 2685 2077 qui
2747 1996 2819 2058 et
2859 1990 3010 2057 vul-

895 2094 1174 2162 neravit.
1266 2092 1363 2159 At
1404 2093 1534 2172 ille,
1580 2096 1784 2179 prout
1832 2093 2070 2179 potuit,
2112 2114 2275 2161 voce
2322 2094 2791 2180 perstrepuit‘
2794 2092 3011 2173 ‘Quid

899 2194 1205 2264 “facitis
1235 2193 1618 2312 frangentes
1649 2193 1994 2261 dexteram
2023 2195 2342 2263 meam2”
2374 2200 2444 2262 et
2462 2195 2686 2261 subito
2704 2193 3013 2281 prosiluit

898 2297 982 2363 de
1027 2317 1212 2383 eque,
1258 2297 1376 2383 qui
1420 2302 1490 2364 61
1534 2301 1839 2364 mortuus
1885 2302 2004 2363 est
2097 2295 2419 2363 Sublatus
2465 2301 2567 2362 est
2611 2317 2653 2363 3
2682 2295 3009 2362 ministris

898 2405 1158 2487 martyr
1215 2400 1360 2480 Dei,
1409 2405 1479 2467 et
1534 2400 1623 2467 3(1
1685 2401 1957 2466 domum
2018 2400 2364 2488 cujusdam
2425 2400 2815 2487 impotentis
2862 2421 3008 2487 per-

899 2502 1142 2569 ductus
1188 2507 1504 2588 631;(1113
1519 2501 1547 2542 ¹
1590 2523 1729 2569 non
1777 2502 2224 2590 Gregorianus
2283 2508 2644 2571 concentus
2704 2523 2826 2570 666
2870 2502 3012 2589 epi-

560 2609 872 2728 &amos
899 2605 1132 2722 cedion
1175 2604 1446 2669 auditus
1491 2609 1609 2684 est,
1654 2604 1773 2670 sed
1816 2609 1957 2670 1316
2003 2604 2297 2691 inclytus
2345 2626 2468 2672 rex
2514 2605 2725 2672 totius
2772 2605 3010 2694 patriae

559 2743 692 2808 fully
714 2759 842 2809 neg-
891 2707 1108 2792 1361111
1149 2706 1274 2772 viii
1340 2707 1633 2792 tegmine
1699 2712 2061 2794 coopertus,
2131 2713 2520 2795 exspectans
2582 2708 2798 2775 lucem
2859 2706 3011 2773 diei.

561 2810 740 2861 leeted.
902 2805 1191 2874 Cernens
1252 2808 1418 2875 talia
1478 2809 1866 2874 miserorum
1927 2809 2276 2877 hominum
2337 2809 2571 2897 iniqua
2631 2814 2798 2888 3613,
2861 2809 3012 2874 Rex

898 2912 1159 3000 Regum
1217 2932 1355 2978 non
1400 2911 1613 2977 Suum
1679 2911 1983 2991 militem,
2048 2918 2120 2980 et
2161 2913 2307 2982 vice
2371 2913 2495 2980 Sui
2553 2913 2897 3001 regiminis
2936 2912 3013 2977 in

899 3010 1092 3079 terris
1166 3013 1605 3081 constitutum
1675 3018 1744 3079 et
1818 3013 2259 3100 praeelectum,
2329 3014 2547 3081 voluit
2622 3014 3011 3083 continuate

900 3115 1252 3195 dimittere,
1300 3120 1370 3181 et
1413 3114 1603 3181 velut
1646 3115 2001 3201 probosum
2044 3121 2116 3183 et
2157 3116 2595 3184 facinorosum
2624 3115 3011 3201 relinquere,

901 3218 1018 3284 sed
1060 3216 1364 3304 permisit
1406 3238 1560 3283 eum
1604 3216 1896 3303 sepelire,
1928 3238 2065 3285 666
2109 3222 2252 3284 1316
2298 3216 2590 3304 digniter
2632 3223 2795 3284 tunc
2839 3216 3014 3284 sicut

900 3325 1131 3407 postea
1171 3319 1318 3385 fieri
1360 3318 1709 3386 concedere
1770 3318 2085 3406 dignatus
2131 3324 2248 3385 est.
2340 3318 2631 3386 Peractis
2674 3318 2778 3385 bis
2837 3317 3013 3384 senis

902 3422 1238 3489 mensibus
1284 3443 1368 3488 ex
1412 3420 1647 3487 diebus
1691 3419 1923 3487 3613113
1972 3419 2135 3485 3661
2194 3425 2267 3486 61
2308 3420 2577 3499 lunaris,
2624 3421 2815 3486 venit
2873 3419 3013 3506 glo-

565 3524 798 3576 AEnfhere
902 3524 1115 3590 riosus
1160 3523 1303 3588 dux
1334 3522 1632 3588 AElfhere
1678 3543 1830 3588 cum
1860 3521 2297 3588 multitudine
2335 3522 2584 3609 populi,
2616 3522 2735 3608 qui
2778 3542 3013 3607 corpus

566 3607 772 3708 ffiknjezsu
760 3591 862 3721 2¹²³
906 3626 1055 3713 ejus
1120 3647 1156 3692 6
1217 3625 1413 3692 terris
1472 3625 1789 3712 praecepit
1847 3623 2217 3706 sublevari3
2299 3624 2476 3711 quod
2545 3624 2706 3690 dum
2764 3624 3016 3691 factum

567 3723 653 3774 the
675 3726 830 3790 body
904 3727 1140 3793 fuisset
1183 3732 1253 3793 et
1312 3726 1659 3805 nudatum,
1706 3726 2112 3793 invenerunt
2168 3731 2373 3812 atque
2417 3725 2735 3792 viderunt
2792 3726 3015 3813 ipsum

905 3835 1047 3896 13111
1113 3849 1349 3896 sanum
1407 3829 1495 3895 ab
1564 3828 1746 3894 omni
1813 3826 1964 3894 labe
2028 3832 2098 3894 et
2165 3827 2572 3915 contagione,
2636 3827 2811 3894 sicut
2871 3830 3016 3894 erat

905 3930 1279 4019 primordio.
1374 3930 1541 3998 Haec
1599 3930 1908 3996 videntes
1966 3930 2303 3997 ammirati
2348 3935 2508 3995 sunt
2568 3930 2809 4008 cuncti,
2854 3950 3018 4015 gau-

569 4040 708 4159 Pssal
730 4040 859 4092 lxxi
907 4035 1137 4100 dentes
1180 4032 1478 4121 tripudio
1523 4032 1598 4097 in
1641 4031 1949 4114 Domino,
1999 4031 2143 4114 Qum
2185 4031 2368 4099 solus
2416 4030 2599 4120 facit
2640 4029 3017 4099 mirabilia

906 4136 980 4201 in
1056 4135 1310 4203 33661116.
1427 4134 1918 4220 Lav[av]erunt
1991 4134 2283 4201 ministri
2359 4134 2598 4200 deinde
2672 4133 3020 4200 reverendi

906 4238 1078 4326 regis
1146 4258 1399 4324 corpus,
1446 4239 1516 4301 et
1559 4235 1877 4302 indutum
1930 4236 2125 4302 novis
2189 4236 2610 4302 vestimentis
2653 4240 3021 4322 posuerunt

905 4338 1218 4408 16111663
1244 4338 1356 4404 vel
1399 4337 1649 4415 tumba,
1680 4342 1751 4403 61
1778 4337 2109 4424 impositis
2152 4338 2445 4404 humeris
2490 4337 2730 4404 feretro
2775 4336 3022 4425 egregii

569 4442 672 4491 and
692 4439 860 4492 buries
908 4441 1158 4509 milites
1225 4441 1750 4529 deportaverunt
1793 4462 1948 4507 eum
1992 4440 2081 4507 ad
2140 4441 2359 4508 locum
2423 4460 2555 4526 quo
2599 4460 2753 4507 eum
2812 4440 3022 4506 hono-

569 4506 766 4639 ffbllissno
766 4523 851 4558 ur
908 4544 1210 4612 rabiliter
1273 4544 1697 4632 sepelierunt,
1766 4544 1886 4609 ubi
1950 4543 2173 4612 Missae
2249 4548 2321 4611 et
2386 4564 2588 4613 sacrae
2651 4542 3020 4610 oblationes

915 4713 1228 4721 ——.-..-.-—
1239 4714 1282 4719 .-

1734 4800 1748 4833 ¹
1787 4801 1916 4868 qua]
1953 4803 2197 4868 qui,MS.
