3600 5800
1307 921 1627 974 moroan
1670 922 2030 974 nmmo.
2594 908 2723 972 465

615 1120 720 1181 ter
753 1115 1107 1203 jubilando
1152 1116 1477 1203 organicis
1521 1117 1889 1183 desudabat
1953 1116 2277 1184 laudibus.
2368 1115 2724 1182 Alternan-

613 1217 797 1283 tibus
862 1218 958 1284 sic
1018 1218 1239 1304 quinis
1284 1218 1556 1284 vocibus
1620 1219 1800 1285 inter
1868 1241 1937 1285 se
1981 1219 2313 1297 fratribus,
2374 1218 2723 1305 pulchrum

614 1318 1064 1404 spectaculum
1126 1318 1416 1406 praebuit
1474 1320 1594 1386 illa
1635 1342 1912 1408 vespera
1979 1320 2233 1388 cunctis
2278 1320 2718 1386 audientibus.

614 1418 916 1507 Cumque
976 1421 1302 1508 completa
1346 1426 1564 1487 essent
1608 1423 1848 1501 omnia,
1894 1426 1974 1488 ut
2035 1421 2508 1489 ecclesiasticus
2553 1444 2720 1508 prae-

612 1523 790 1607 cepit
833 1522 1010 1602 ordo,
1039 1545 1267 1589 rursus
1311 1523 1780 1611 ingrediuntur
1809 1525 1980 1592 aulae
2024 1525 2227 1603 sedes,
2258 1524 2720 1590 benedicentes

610 1622 858 1712 Regem
922 1625 1067 1692 caeli
1129 1631 1200 1693 et
1262 1625 1628 1713 principem
1694 1627 1876 1714 Ejus,
1922 1626 2244 1694 habentes
2307 1648 2442 1692 non
2505 1626 2718 1691 solum

610 1746 857 1793 cornua
899 1732 1176 1814 argento
1225 1732 1296 1792 et
1338 1748 1499 1793 auro
1543 1727 1977 1795 vermiculata
2018 1728 2344 1794 varietate
2388 1727 2716 1805 redimita,

609 1849 842 1894 verum
889 1829 1091 1894 etiam
1135 1829 1270 1895 alia
1300 1851 1611 1896 vasorum
1653 1851 1897 1918 genera
1941 1831 2103 1896 satis
2147 1835 2307 1917 apta
2350 1829 2438 1894 ad
2481 1834 2716 1915 potan-
2740 1837 2981 1971 &affigi

608 1928 784 1994 dum.
877 1930 1043 1997 Erat
1086 1932 1180 1997 eis
1224 1932 1685 2019 dignissimum
1745 1937 1948 2018 atque
1991 1932 2209 2020 regale
2271 1937 2715 2019 praeparatum
2740 1971 2955 2024 fouows.

607 2031 1006 2111 convivium,
1049 2037 1120 2097 et
1161 2034 1379 2100 mulsa
1420 2034 1705 2101 nectaris
1750 2034 2104 2111 stillicidia,
2139 2039 2339 2120 atque
2385 2056 2717 2101 caraenum

607 2134 785 2218 quod
823 2135 1154 2222 regalibus
1215 2136 1563 2204 conficitur
1626 2136 1911 2203 ferculis.
2003 2137 2254 2202 Vinum
2322 2158 2582 2224 quoque
2646 2142 2718 2203 et

607 2234 963 2301 mellifluus
1006 2242 1204 2323 potus
1249 2238 1506 2304 cunctis
1551 2237 1919 2324 largissime
1965 2238 2265 2304 dabatur.

697 2334 867 2402 Cum
942 2343 1169 2405 autem
1248 2361 1528 2426 sequens
1605 2340 1746 2405 dies
1832 2339 2239 2406 illucesceret
2317 2339 2712 2405 mortalibus
2738 2356 2791 2405 A
2815 2355 3011 2406 confer-

604 2443 874 2521 cunctis,
919 2445 1313 2512 convocavit
1357 2445 1498 2511 dux
1540 2445 1958 2511 venerandus
2003 2466 2196 2511 omne
2256 2444 2457 2511 robur
2501 2445 2708 2530 agmi-
2735 2424 3048 2557 3133ssssth

601 2564 764 2609 num
827 2545 915 2610 ad
976 2567 1170 2612 suum
1231 2547 1605 2613 venerabile
1666 2546 2082 2633 colloquium,
2147 2546 2263 2632 qui
2330 2544 2709 2611 rationabili
2735 2557 2853 2620 day.

602 2650 798 2711 utens
842 2647 1112 2714 consilio
1157 2650 1473 2714 domnum
1507 2648 1893 2716 Oswaldum
1938 2648 2313 2714 humillima
2341 2648 2711 2735 postulavit

598 2770 806 2833 prece,
851 2755 933 2816 ut
976 2751 1064 2816 ad
1109 2752 1251 2839 ejus
1296 2752 1682 2840 dignaretur
1711 2753 1941 2818 venire
1985 2752 2300 2818 orationis
2346 2752 2707 2818 exordium.

601 2850 821 2932 Venit,
881 2858 962 2920 ut
1023 2854 1410 2942 postularat,
1475 2856 1777 2943 princeps
1852 2855 2243 2943 pontificum
2317 2854 2405 2920 ad
2485 2854 2708 2921 virum

597 2957 1200 3023 mansuetissimum
1246 2958 1764 3025 AEthelwinum:
1808 2980 1945 3024 non
2011 2963 2279 3023 tantum
2323 2958 2411 3023 ab
2451 2978 2544 3035 e0,
2591 2958 2708 3023 sed

598 3058 801 3123 etiam
865 3080 908 3124 a
972 3061 1229 3127 cunctis
1303 3060 1631 3146 praefectis
1698 3065 1769 3126 et
1834 3060 2163 3125 militibus
2225 3060 2394 3124 miro
2460 3059 2704 3125 affectu

598 3164 938 3244 susceptus
1006 3166 1123 3226 est.
1245 3161 1397 3247 Ipse
1465 3162 1749 3246 denique
1814 3161 2048 3227 decens
2112 3160 2430 3225 extiterat
2476 3159 2706 3247 ⁸laudis

595 3256 911 3324 honorem
968 3261 1319 3346 percipere,
1366 3262 1482 3347 qui
1549 3283 1759 3346 usque
1804 3261 1880 3324 in
1941 3266 2270 3326 senectam
2317 3265 2387 3325 et
2448 3261 2704 3325 senium

596 3357 815 3423 Deum
891 3361 1157 3426 studuit
1229 3361 1633 3428 incessanter
1719 3383 2027 3448 quaerere.
2146 3361 2702 3428 Subthronizatus

595 3459 667 3523 in
727 3460 1099 3526 meditullio
1165 3461 1374 3548 ipsius
1419 3484 1677 3550 magnae
1738 3462 2210 3539 conventionis,
2256 3462 2364 3526 vir
2429 3461 2703 3528 Domini

598 3559 950 3626 Oswaldus
1009 3562 1327 3648 praecepit
1392 3564 1619 3628 comiti
1686 3562 1990 3649 pretioso,
2036 3568 2118 3628 ut
2180 3562 2496 3648 quicquid
2563 3585 2701 3630 suae

592 3661 881 3748 placeret
972 3685 1247 3731 summae
1338 3665 1710 3751 prudentiss
1800 3686 2022 3730 coram
2095 3664 2349 3732 cunctis
2417 3664 2702 3732 ediceret

590 3764 1046 3831 residentibus.
1136 3765 1234 3832 At
1298 3766 1426 3845 ille,
1473 3767 1780 3834 fraternis
1825 3766 2150 3833 sodalium
2196 3767 2550 3835 comitatus
2593 3790 2699 3836 ca-

589 3866 815 3945 tervis,
862 3874 932 3934 et
975 3867 1267 3935 militum
1310 3870 1688 3957 agminibus
1730 3870 2219 3956 circumseptus,
2270 3870 2365 3936 sic
2408 3870 2698 3958 eleganti

590 3988 887 4033 sermone
933 3990 1206 4036 exorsus
1269 3976 1409 4037 est:
1520 3979 1552 4008 “
1577 3972 1842 4038 Gratias
1917 3993 2043 4058 ago
2117 3971 2404 4038 Domino
2470 3977 2695 4039 nostro
2721 3986 2828 4037 The
2845 3989 3030 4051 speech

594 4080 630 4108 “
676 4073 881 4140 Ihesu
961 4074 1247 4156 Christo,
1328 4077 1461 4158 Qui
1536 4080 1701 4144 meis
1774 4080 2018 4145 annuit
2080 4080 2256 4145 votis
2330 4079 2455 4147 hoc
2529 4101 2693 4166 opus
2716 4054 2974 4171 gfinathel-

587 4182 627 4210 “
669 4176 995 4262 perficere,
1056 4178 1143 4244 ad
1186 4178 1452 4246 laudem
1498 4181 1620 4247 Sui
1681 4181 1896 4248 sancti
1947 4181 2272 4261 nominis3
2333 4186 2403 4247 et
2444 4182 2694 4268 gratias

588 4283 625 4311 “
669 4276 878 4344 refero
907 4284 1045 4345 tuae
1088 4280 1580 4368 benignissimae
1611 4283 1946 4370 dignitati,
1979 4283 2228 4369 optime
2277 4290 2483 4370 pater,
2516 4285 2694 4370 quod

589 4385 625 4413 “
671 4377 804 4444 huc
848 4379 1076 4447 venire
1122 4382 1437 4469 dignatus
1481 4406 1570 4463 es,
1617 4385 1934 4450 sacrando
1980 4390 2179 4471 atque
2247 4385 2693 4452 benedicendo

589 4487 623 4515 “
670 4481 1046 4547 coenobium
1119 4484 1299 4568 quod
1358 4485 1432 4551 in
1507 4507 1858 4554 commune
1929 4485 2198 4552 Christo
2271 4488 2692 4574 promisimus

589 4587 626 4616 “
669 4583 1198 4668 propitiatione.”
2562 4576 2575 4597 '

823 4729 1214 4804 Conticuere
1256 4754 1499 4815 omnes,
1544 4733 1928 4825 catenaque
1971 4759 2098 4805 ora
2141 4738 2463 4910 tembg‘rgt.
2715 4754 2918 4874 ἓξςιὲ
2946 4828 2992 4874 l·
