3600 5800
959 879 1102 946 xlvi
1840 890 2163 941 pannos.

617 1094 850 1146 Transla-

618 1164 727 1212 tion
749 1163 808 1213 of

622 1228 876 1282 Wilfrid’s

619 1296 840 1346 remains
864 1302 918 1346 at

620 1365 950 1495 ffiffigiggop
972 1405 1006 1430 “
1042 1400 1211 1451 clesioe
1251 1398 1387 1449 beati
1424 1399 1794 1464 Apostolorum
1832 1395 1974 1461 prin·
2067 1398 2101 1422 “
2137 1395 2233 1444 sub
2267 1394 2432 1445 medio
2468 1395 2794 1461 longitudinis
2828 1396 2954 1446 aulae
2989 1395 3064 1459 ip-

625 1496 782 1561 Gray,
973 1485 1005 1509 ‘⁶
1037 1480 1165 1544 cipis
1196 1479 1353 1541 Petri,
1391 1478 1445 1528 in
1481 1494 1577 1543 qna
1617 1474 1969 1527 sacratissimae
2067 1477 2100 1503 “
2134 1474 2242 1524 sius
2296 1476 2410 1526 dum
2466 1483 2630 1527 turres
2679 1481 2825 1526 erant
2878 1474 3064 1539 prorni-

2066 1556 2100 1582 “
2137 1561 2313 1605 nentes
2336 1555 2470 1606 ultra
2491 1555 2713 1606 ecclesiae
2735 1557 2858 1605 alas.
2926 1554 3064 1616 Qua-

2067 1637 2100 1661 “
2139 1650 2249 1684 rum
2273 1650 2372 1684 una
2396 1651 2508 1699 quae
2546 1635 2600 1685 in
2635 1644 2808 1686 austro
2840 1642 2948 1685 erat
2971 1636 3063 1684 sub

2068 1718 2100 1741 “
2136 1712 2330 1765 honore
2368 1715 2430 1764 B.
2454 1715 2691 1779 Gregorii
2728 1730 2874 1781 papae
2910 1715 3064 1764 altare

1052 1081 1136 1148 In
1187 1085 1358 1150 1226
1413 1080 1823 1167 Archbishop
1886 1079 2066 1165 Gray
2114 1078 2190 1144 of
2232 1077 2420 1144 York
2479 1078 2668 1145 made
2715 1101 2763 1144 a
2811 1077 3063 1144 solemn

965 1186 1361 1253 translation
1412 1186 1487 1252 of
1528 1186 1623 1251 St.
1674 1183 1991 1249 Wflfrid’s
2039 1184 2322 1248 remains
2373 1189 2446 1250 at
2490 1183 2727 1271 Ripon‚
2758 1183 2890 1249 and
2940 1181 3060 1246 has

2819 1323 2882 1330 --
2911 1323 2970 1329 --

972 1565 1003 1588 “
1038 1558 1257 1624 reliquiae
1309 1558 1444 1608 illius
1495 1557 1655 1608 totius
1701 1555 1840 1606 orbis
1885 1570 1970 1604 ve-

971 1643 1002 1669 “
1035 1639 1292 1689 neratione
1347 1639 1681 1698 celebrantur,
1733 1637 1972 1685 decenter

972 1728 1003 1750 ‘⁴
1036 1718 1349 1784 composita:
1414 1718 1575 1768 Porro
1619 1715 1756 1766 aliud
1811 1713 1970 1764 altare

971 1804 1003 1828 “
1038 1815 1267 1865 congruo
1289 1798 1454 1863 spatio
1482 1795 1819 1861 antepositum
1841 1809 1969 1860 prae-
2067 1795 2099 1820 ‘⁶
2135 1791 2184 1843 in
2209 1791 2377 1843 medio
2414 1792 2492 1843 sni
2524 1793 2810 1845 dedicatum
2830 1794 3065 1853 habebat,

968 1882 1001 1907 ‘⁸
1037 1878 1171 1930 dicto
1227 1878 1374 1929 altari
1429 1884 1538 1930 erat
1582 1875 1872 1926 dedicatum
1916 1873 1969 1924 in
2068 1876 2100 1901 “
2133 1879 2186 1921 et
2233 1871 2286 1921 in
2334 1872 2490 1923 latere
2545 1873 2819 1938 principale
2876 1872 3064 1923 ostium

972 1963 1003 1988 “
1038 1960 1283 2010 honorem
1339 1956 1548 2008 Domini
1615 1954 1771 2007 nostri
1837 1952 1877 2004 J
1877 1969 1969 2004 esu
2068 1955 2100 1979 “
2134 1952 2365 2003 ecelesiae
2388 1954 2524 2017 quod
2558 1953 2831 2018 antiquitus
2865 1956 2928 2004 ab
2953 1954 3064 2003 An-

970 2042 1004 2067 “
1040 2038 1247 2099 Christi,
1272 2037 1359 2088 ubi
1380 2035 1603 2102 quotidie
1636 2033 1809 2085 divina
1831 2048 1969 2098 mys·
2069 2034 2099 2060 ‘⁶
2133 2030 2234 2097 glis
2257 2040 2309 2081 et
2327 2048 2466 2083 nunc
2488 2049 2651 2098 usque
2673 2031 2911 2083 mhdure
2939 2032 3063 2085 dici·

969 2123 1004 2147 “
1038 2118 1167 2169 teria
1189 2119 1584 2170 celebrabantur.
1652 2116 1716 2165 In
1755 2129 1856 2179 quo
1896 2112 1970 2162 al-
2068 2114 2100 2138 “
2133 2118 2233 2161 tur.
2286 2111 2439 2174 Quod
2458 2111 2645 2162 ostium
2665 2113 2720 2162 in
2742 2112 3065 2177 antiquorum

970 2205 1003 2227 ‘⁸
1036 2199 1133 2249 tari
1188 2199 1366 2249 beatus
1420 2197 1656 2262 AElfegns
1711 2202 1864 2258 caput
1913 2192 1968 2243 S.
2069 2194 2100 2218 ‘⁴
2134 2190 2331 2257 legibus
2367 2207 2542 2258 regum
2576 2206 2670 2243 suo
2705 2193 2907 2243 nomine
2931 2208 3064 2257 saepe

971 2282 1001 2304 “
1039 2276 1308 2336 Swithuni,
1330 2278 1467 2341 quod
1488 2276 1596 2340 ipse
1618 2292 1651 2325 a
1672 2273 1971 2339 pontificatu
2069 2275 2100 2298 “
2135 2271 2449 2335 exprimitur,
2479 2272 2532 2321 in
2557 2272 2740 2337 quibus
2773 2272 2924 2323 etiam
2958 2288 3064 2324 om-

970 2361 1002 2385 “
1039 2355 1380 2408 wintoniensi
1408 2355 1463 2405 in
1484 2354 1971 2419 archiepiscopatum
2071 2356 2099 2378 “
2137 2366 2226 2400 nes
2249 2352 2478 2415 querelas
2512 2352 2666 2402 totius
2707 2354 2848 2425 reg-ni
2868 2368 2980 2416 quae
3015 2352 3066 2402 in

970 2442 1003 2464 “
1039 2435 1454 2487 cantuariensem
1490 2435 1763 2484 translatus
1799 2446 1972 2482 secum
2071 2434 2100 2457 “
2138 2430 2417 2481 hundredis
2461 2433 2542 2482 vel
2588 2432 2922 2492 comitatibus,
2963 2448 3063 2482 uno

970 2522 1001 2544 ‘⁴
1038 2516 1237 2573 tulerat,
1255 2528 1371 2562 cum
1391 2512 1563 2562 multis
1581 2513 1795 2562 aliorum
1812 2511 1973 2561 Saue·
2072 2513 2103 2537 ‘⁴
2139 2511 2218 2560 vel
2263 2509 2508 2573 pluribuS,
2538 2511 2619 2560 rel
2658 2520 2791 2562 certe
2838 2512 2889 2562 in
2928 2511 3070 2562 curia

972 2598 1001 2621 “
1040 2602 1206 2643 torum
1244 2591 1480 2657 reliquiis,
1518 2592 1791 2641 solenniter
1828 2605 1973 2653 repo-
2073 2594 2103 2616 “
2137 2589 2286 2656 regia*
2308 2605 2411 2639 non
2448 2598 2660 2654 possent
2696 2592 2927 2655 legaliter
2947 2593 3067 2642 defi-

945 2677 1004 2704 ·⁴‘
1042 2681 1224 2723 suerat.
1279 2673 1365 2722 Ad
1386 2673 1497 2722 haec
1521 2668 1974 2721 altarianonnullis
2072 2675 2103 2696 “
2141 2669 2256 2729 niti,
2292 2670 2444 2719 finem
2483 2669 2625 2730 inibi,
2663 2670 2794 2722 sicut
2837 2672 2890 2720 in
2927 2672 3068 2722 curia

972 2760 1006 2782 “
1042 2751 1281 2807 aradibus
1324 2750 1694 2801 'ascendebatur
1738 2766 1770 2799 a
1817 2750 1973 2798 choro
2072 2754 2105 2778 “
2139 2750 2297 2815 Regis
2336 2750 2535 2810 summi,
2559 2751 2728 2804 sortiri
2763 2753 2944 2802 debere
2984 2753 3070 2801 de-

974 2838 1004 2860 “
1042 2840 1319 2889 cantorum,
1343 2830 1583 2894 quoniam
1607 2836 1796 2892 crypta,
1822 2842 1972 2892 quam

973 2918 1002 2940 “
1039 2912 1408 2962 confessionem
1477 2909 1697 2960 Romani
1771 2917 1974 2968 vocant,

971 2995 1005 3018 “
1040 2993 1214 3039 subtus
1247 2999 1372 3049 erat,
1408 2991 1472 3039 ad
1508 2990 1665 3038 instar
1701 2987 1975 3038 consessio-

971 3077 1003 3099 ‘⁴
1040 3071 1119 3120 nis
1146 3072 1197 3122 S.
1224 3072 1379 3130 Petri,
1401 3070 1665 3130 fabricata,
1687 3071 1838 3130 cujus
1872 3069 1975 3118 for-

975 3156 1006 3178 “
1042 3150 1131 3200 nix
1177 3167 1237 3200 eo
1281 3150 1331 3198 in
1371 3151 1528 3200 altum
1575 3149 1874 3199 tendebatur
1919 3154 1976 3195 ut

973 3235 1005 3258 ‘⁴
1043 3214 1308 3294 superiora
1328 3231 1441 3292 ejus
1464 3242 1568 3277 non
1585 3227 1680 3276 nisi
1698 3241 1788 3290 per
1803 3226 1973 3290 plures

992 3313 1004 3336 ‘
1040 3310 1226 3374 gradus
1249 3315 1450 3373 possent
1471 3306 1619 3356 adiri.
1687 3306 1814 3356 Haec
1837 3306 1973 3355 intus

988 3394 1002 3416 ⁴
1038 3391 1106 3439 ad
1144 3389 1387 3439 orientem
1418 3389 1575 3438 altare
1598 3387 1816 3436 habebat
1836 3387 1974 3450 quod

970 3475 1004 3500 ‘⁴
1038 3478 1189 3533 caput
1227 3468 1361 3517 beati
1398 3467 1596 3528 Furaei,
1618 3475 1674 3515 ut
1696 3466 1975 3529 antiquitus

989 3555 1003 3576 ⁴
1037 3549 1311 3607 fatebatur,
1353 3547 1407 3595 in
1445 3562 1498 3596 se
1537 3546 1771 3596 habebat.
1843 3544 1973 3595 Sane

971 3634 1007 3657 ‘⁶
1041 3626 1125 3677 via
1163 3642 1266 3677 una
1304 3641 1454 3692 quam
1488 3633 1760 3676 curvatura
1781 3632 1973 3689 cryptas

970 3712 1004 3735 “
1039 3707 1196 3771 ipsius
1229 3708 1293 3756 ad
1331 3705 1644 3756 occidentem
1681 3713 1973 3771 vergentem

972 3793 1003 3816 ·‘
1038 3787 1361 3852 concipiebat
1384 3801 1543 3851 usque
1577 3788 1645 3835 ad
1674 3786 1842 3836 locum
1866 3785 1973 3850 qui-

991 3877 1004 3897 ‘
1039 3869 1136 3920 etis
1170 3869 1320 3919 Beati
1365 3867 1621 3918 Dunstani
1657 3867 1972 3925 tendebatur,

2075 2833 2104 2857 “
2140 2829 2375 2879 cernitur.
2459 2830 2580 2885 Alia
2629 2846 2752 2881 vero
2807 2832 2958 2881 turris
3016 2831 3068 2881 in

2074 2915 2104 2937 ‘⁶
2142 2911 2294 2976 plaga
2333 2911 2608 2974 aquilonali
2633 2927 2661 2961 e
2698 2911 2899 2979 regione
2935 2912 3068 2961 illius

2074 2997 2104 3018 “
2139 2989 2343 3040 condita
2380 2990 2477 3039 fuit
2511 2991 2566 3039 in
2589 2992 2828 3041 honorem
2853 2993 2912 3041 B.
2936 2994 3075 3042 Mar-

2072 3075 2104 3096 “
2141 3069 2251 3128 tini,
2273 3071 2491 3120 claustra
2527 3070 2580 3120 in
2615 3071 2798 3134 quibus
2835 3072 3070 3122 monachi

2076 3152 2107 3176 “
2144 3151 2571 3199 conversabantur
2582 3150 2704 3200 hinc
2727 3150 2841 3201 inde
2863 3152 3069 3202 habens,

2073 3233 2107 3256 ⁴⁴
2142 3229 2210 3278 Et
2245 3228 2376 3279 sieut
2416 3237 2534 3279 ante
2567 3229 2690 3280 alias
2713 3231 2933 3281 forenses
2955 3230 3070 3281 lites

2076 3311 2108 3334 “
2143 3318 2193 3358 et
2217 3308 2481 3359 saecularia
2493 3309 2680 3373 placita
2693 3313 3070 3370 exercebantur,

2076 3393 2105 3415 “
2141 3388 2212 3438 ita
2233 3387 2286 3436 in
2309 3388 2409 3438 ista
2441 3390 2860 3442 adolescentiores
2891 3390 3072 3441 fratres

2075 3475 2106 3496 “
2142 3468 2194 3517 in
2241 3469 2481 3519 discendo
2530 3470 2869 3521 ecclesiastica
2912 3472 3072 3522 officia

2075 3553 2105 3575 “
2142 3548 2223 3598 die
2255 3563 2317 3598 ac
2353 3557 2502 3598 nocte
2524 3564 2620 3614 pro
2643 3558 2923 3613 temporum
2947 3551 3071 3601 vici-

2075 3633 2105 3654 “
2141 3628 2236 3676 bus
2269 3627 2675 3679 instituebantur.
2745 3629 2889 3679 Fims
2912 3632 3075 3680 eccle-

2075 3713 2106 3734 “
2141 3706 2226 3756 siae
2262 3707 2538 3757 ornabatur
2567 3708 2787 3758 oratorio
2810 3709 2870 3759 B.
2893 3710 3072 3759 Matris

2075 3793 2104 3815 “
2142 3785 2242 3836 Dei
2261 3787 2457 3838 Mariae.
2503 3788 2588 3837 Ad
2611 3787 2894 3853 quod.quia
2910 3797 3072 3839 struc-

2093 3871 2106 3894 ‘
2138 3874 2256 3916 tura
2294 3867 2403 3929 ejus
2441 3867 2557 3917 talis
2593 3877 2719 3928 erat,
2740 3883 2842 3918 non
2865 3867 2958 3919 nisi
2982 3885 3073 3934 per

969 3955 1001 3977 “
1037 3949 1118 4015 qui
1143 3948 1364 4000 maceria
1387 3948 1506 3998 sorti
1539 3949 1603 3998 ab
1643 3948 1754 4011 ipsa
1793 3954 1973 4011 crypta

972 4034 1004 4057 “
1039 4029 1385 4079 dirimebatur.
1446 4028 1564 4092 Ipse
1590 4043 1804 4090 namque
1829 4042 1975 4076 sanc-

968 4115 998 4137 “
1034 4109 1255 4159 tissimus
1295 4113 1437 4173 pater
1458 4114 1576 4156 ante
1613 4105 1748 4170 ipsos
1782 4108 1971 4172 gradus

971 4195 1002 4219 “
1041 4191 1094 4239 in
1118 4205 1301 4254 magua
1336 4187 1678 4253 profunditate
1714 4195 1862 4236 terroe
1892 4187 1971 4249 ja-

971 4274 1001 4297 “
1039 4270 1183 4319 cebat
1204 4269 1459 4327 humatus,
1483 4267 1657 4316 tumba
1681 4281 1834 4329 super
1856 4282 1969 4316 eum

971 4353 1002 4376 “
1039 4348 1090 4397 in
1114 4348 1315 4397 modum
1341 4345 1616 4412 pyramidis
1646 4347 1826 4412 grandi
1868 4347 1971 4395 sul-

970 4433 1001 4454 “
1035 4427 1243 4490 limique
1290 4434 1597 4483 constructa,
1642 4426 1859 4475 habente
1905 4429 1971 4475 ad

970 4510 1001 4534 “
1037 4513 1191 4569 caput
1225 4505 1402 4556 Sancti
1449 4505 1607 4555 altare
1652 4506 1969 4555 matutinale.

969 4589 1001 4614 ‘¹‘
1036 4586 1163 4634 Inde
1186 4587 1251 4634 ad
1274 4585 1582 4635 occidentem
1616 4585 1800 4636 chorus
1837 4587 1971 4649 psal-

969 4669 998 4693 “
1034 4663 1247 4713 lentium
1284 4663 1337 4712 in
1370 4663 1536 4713 aulam
1560 4664 1787 4714 eeclesiae
1813 4664 1970 4729 porri—

968 4749 999 4773 “
1034 4745 1263 4808 gebatur,
1306 4744 1505 4794 decenti
1554 4743 1747 4794 fabrica
1792 4760 1826 4795 a
1867 4745 1969 4793 fre·

968 4829 1001 4852 ‘⁴
1035 4821 1243 4890 quentia
1295 4824 1459 4874 turbae
1509 4825 1749 4875 seclusus.
1831 4824 1966 4875 Dein

2074 3953 2106 3974 “
2140 3948 2324 4010 gradus
2364 3946 2530 3996 cuivis
2575 3950 2782 4011 patebat
2819 3964 3069 3999 accessus

2073 4033 2104 4056 “
2141 4029 2204 4077 In
2218 4029 2365 4091 cujus
2378 4035 2520 4091 parte
2539 4027 2768 4078 orientali
2792 4037 2900 4079 erat
2914 4031 3073 4079 altare

2073 4113 2103 4136 ‘⁶
2140 4108 2193 4156 in
2238 4106 2558 4157 veneratione
2614 4108 2777 4172 ipsius
2837 4108 3072 4158 Dominae

2073 4194 2103 4215 “
2140 4193 2505 4246 consecratum,
2519 4196 2570 4239 et
2595 4189 2646 4237 in
2664 4205 2724 4239 eo
2747 4196 2898 4252 caput
2912 4190 3070 4240 beatae

2074 4275 2105 4296 “
2141 4267 2352 4332 virginis
2364 4270 2714 4320 Austrobertae
2731 4271 3075 4320 honorabatur

2075 4354 2104 4376 ‘⁴
2143 4349 2406 4398 inclusum.
2474 4351 2563 4400 Ad
2607 4351 2703 4399 hoc
2749 4351 2907 4400 altare
2956 4366 3071 4401 cum

2073 4437 2102 4457 ‘⁸
2141 4431 2372 4479 sacerdos
2408 4437 2581 4494 ageret
2619 4431 2793 4479 divina
2830 4431 3073 4495 mysteria

2072 4516 2102 4537 ‘⁶
2139 4509 2320 4559 faciem
2359 4510 2426 4559 ad
2461 4510 2703 4573 populum
2728 4510 2812 4573 qui
2836 4512 3072 4560 deorsum

2072 4597 2102 4618 ‘⁶
2140 4591 2306 4639 stabat
2331 4591 2395 4638 ad
2418 4590 2662 4638 orientem
2685 4604 2881 4639 versam
2919 4590 3073 4639 habe-

2072 4675 2102 4696 “
2138 4670 2223 4718 bat
2250 4688 2261 4716 ε
2310 4675 2427 4730 post
2452 4683 2505 4716 se
2529 4681 2648 4717 vero
2671 4668 2738 4716 ad
2761 4667 3071 4718 occidentem

2070 4753 2100 4775 “
2137 4747 2428 4797 cathedram
2477 4744 2818 4809 pontificalem
2872 4746 3071 4796 decenti

2070 4831 2100 4854 “
2136 4839 2289 4889 opere
2325 4839 2390 4874 ex
2426 4823 2622 4892 mag-nis
2645 4823 2897 4890 lapidibus
2919 4833 2970 4876 et
2992 4841 3075 4878 ee·
