3600 5800
513 1491 765 1543 Eferwine

857 890 942 959 38
1466 912 1630 961 vrrA
1675 913 2000 977 warram
2048 910 2350 964 Emsoom

1510 1122 1955 1205 [CAPITULUM
2002 1072 2315 1208 XXVII]

1097 1293 1191 1358 De
1233 1315 1304 1360 eo
1351 1293 1527 1379 quod
1566 1294 1874 1380 pretium
1917 1294 2290 1380 appretiati
2331 1318 2446 1361 ‘rex
2489 1295 2734 1361 renuit.

948 1463 1193 1529 Eodem
1258 1485 1517 1549 quoque
1578 1470 1873 1549 tempore
1943 1463 2313 1541 Eferwine,1
2377 1465 2513 1529 dux
2577 1465 2958 1531 Theoderici

515 1561 666 1609 sends
688 1574 818 1610 mes-
856 1566 1028 1651 regis
1092 1565 1505 1642 Francorum,
1570 1565 1754 1630 misit
1822 1565 2090 1630 nuntios
2166 1588 2316 1630 suos
2382 1588 2529 1630 oum
2599 1565 2807 1630 literis
2873 1566 2958 1630 ad

515 1640 719 1689 sengers
745 1633 799 1675 to

513 1691 786 1757 Aldgislus

511 1758 717 1821 against

513 1823 737 1874 wilfi-id.

508 2291 619 2343 The
642 2293 769 2359 king

504 2359 718 2420 refuses,

506 2427 609 2476 and
630 2428 787 2475 burns

508 2492 598 2541 the
623 2493 786 2542 letter.

507 3892 714 3946 wilfrid

508 3963 678 4013 leaves

505 4028 785 4094 Friesland,

856 1666 1230 1753 Aldgislum
1255 1664 1280 1705 2
1323 1688 1540 1752 regem
1575 1664 1836 1743 Fresis,³
1865 1667 2159 1732 salutans
2206 1688 2356 1732 eum
2402 1667 2622 1732 verbis
2653 1667 2955 1753 pacificis,

854 1751 1374 1854 promittensque
1404 1768 1499 1832 eis
1535 1769 1658 1833 sub
1678 1754 2111 1853 jurejurando
2155 1768 2450 1833 modium
2494 1768 2764 1855 plenum
2805 1768 2954 1834 soli-

852 1874 1085 1938 dorum
1130 1895 1481 1939 aureorum
1523 1873 1692 1949 dare,
1739 1873 2027 1959 pretium
2075 1873 2308 1958 utique
2357 1873 2640 1950 sceleste,
2688 1873 2744 1937 si
2789 1871 2954 1937 Wil-

848 1977 1127 2042 frithum
1174 1978 1565 2063 episcopum,
1597 1983 1718 2042 aut
1746 1961 1981 2040 vivum
2022 1976 2394 2054 deductum,
2426 1983 2546 2042 aut
2575 1982 2775 2063 eaput
2815 1976 2957 2062 ejus

849 2079 1041 2145 occisi
1077 2079 1204 2144 sibi
1235 2078 1558 2144 emisisset
1576 2077 1635 2143 ⁴:
1690 2079 2048 2163 statimque
2093 2100 2226 2155 reX,
2269 2078 2704 2164 praesentibus
2747 2078 2954 2154 nobis,

848 2186 918 2245 et
948 2181 1203 2271 nuntiis
1242 2202 1458 2245 eoram
1490 2180 1749 2266 populo,
1778 2201 1897 2243 suo
1939 2180 2010 2243 in
2055 2179 2302 2265 palatio
2348 2179 2785 2266 epulantibus
2819 2202 2954 2246 om-

849 2283 1045 2347 nibus
1090 2282 1513 2351 audientibus
1557 2281 1686 2368 legi
1712 2282 1738 2319 ⁶
1788 2281 2013 2346 literas
2050 2282 2268 2366 jussit.
2362 2283 2520 2348 Post
2564 2282 2912 2348 lectionem
2930 2283 2958 2322 ⁶

848 2406 1005 2450 vero
1035 2392 1283 2451 cartam
1327 2385 1652 2469 accipiens
1697 2384 1873 2448 inter
1917 2406 2151 2449 manus
2182 2407 2348 2463 suas,
2381 2385 2635 2451 eunetis
2665 2386 2953 2452 videnti·

846 2487 970 2551 bus
1002 2487 1387 2571 discerpens
1421 2486 1785 2572 dissipavit,
1812 2492 1880 2549 et
1909 2486 1980 2549 in
2013 2487 2229 2571 ignem
2264 2508 2481 2553 eoram
2513 2509 2581 2552 se
2611 2487 2952 2552 ardentem

843 2588 1135 2673 projecit,
1168 2588 1390 2653 dicens
1436 2587 1900 2674 portitoribus:
1950 2596 1982 2622 ‘⁴
2007 2587 2372 2653 Enuntiate
2422 2589 2690 2661 domino
2727 2595 2949 2654 vestro

847 2697 881 2723 “
924 2688 1049 2755 hoo
1078 2689 1272 2755 modo
1302 2711 1407 2753 me
1440 2688 1783 2753 dicentem.
1875 2689 1991 2754 Sic
2020 2710 2240 2753 rerum
2273 2690 2548 2756 Creator
2577 2713 2853 2778 regnum
2886 2697 2954 2756 et

847 2799 880 2826 “
925 2791 1137 2855 vitam
1182 2790 1253 2854 in
1283 2790 1426 2855 Deo
1472 2811 1589 2854 suo
1635 2789 2049 2876 perjurantis,
2083 2796 2480 2877 pactumque
2526 2792 2771 2857 initum
2818 2815 2954 2858 non

847 2907 879 2931 “
926 2895 1354 2963 custodientis
1398 2893 1698 2961 scindens¹
1747 2894 2059 2972 destruat,
2094 2896 2163 2961 et
2208 2918 2595 2963 consumens
2641 2896 2712 2961 in
2757 2896 2949 2980 favil-

845 3007 877 3033 “
922 2997 1055 3062 lam
1103 2996 1441 3063 devellat.”
1534 2996 1791 3062 Deinde
1837 3002 2062 3062 autem
2105 2998 2330 3062 nuntii
2377 3020 2525 3063 cum
2572 2999 2952 3064 confusione

841 3121 884 3164 a
927 3119 1077 3186 rege
1122 3122 1258 3165 non
1301 3098 1751 3166 eonsentiente
1795 3098 2054 3184 piaculo
2098 3100 2184 3164 ad
2228 3099 2444 3164 Deum
2465 3098 2490 3138 ⁷
2534 3123 2743 3178 suum,
2776 3102 2952 3166 unde

843 3207 1171 3266 venerunt
1214 3201 1567 3267 redierunt.

1470 3455 1918 3539 [CAPrrULUM
1967 3453 2025 3518 X
2035 3453 2318 3539 XVIII]

846 3624 1183 3707 Quomodo
1223 3622 1581 3709 Daeyberht
1612 3629 1670 3688 et
1702 3621 2088 3699 Barbam-e?
2133 3645 2307 3708 ‘reyes
2335 3622 2488 3699 cluo,
2524 3631 2949 3710 susceperunt

1808 3749 1979 3791 eumz.

932 3880 1288 3964 Postquam
1350 3877 1491 3943 Deo
1558 3877 1861 3943 amabilis
1923 3877 2222 3963 pontifex
2284 3885 2507 3942 noster
2559 3877 2630 3941 in
2686 3877 2903 3943 Fresis
2924 3874 2951 3914 ⁹

842 3980 1265 4059 hiemaverat,
1323 3979 1638 4066 populum
1702 3980 1990 4043 multum
2045 3978 2330 4044 Domino
2394 3979 2699 4056 lucratuS,
2749 4000 2951 4044 verno

850 4113 889 4120 ·-
2727 4109 2776 4115 ..-
2801 4109 2904 4115 m-—

910 4167 928 4199 ¹
966 4165 1250 4232 Eserwine]
1272 4163 1661 4228 Efyrwinus‚A.
1720 4162 1853 4211 This
1896 4185 1901 4250 ί
2010 4161 2032 4193 ⁶
2066 4160 2339 4227 lectt'onem]
2368 4162 2568 4223 lectam,
2591 4163 2660 4211 A.

843 4247 888 4297 is
910 4246 1183 4306 Ebroinu8‚
1206 4245 1293 4294 the
1318 4243 1642 4293 well-known
1670 4258 1853 4306 mayor
2007 4241 2027 4278 ⁷
2063 4242 2256 4308 Deum]
2288 4242 2567 4304 dominum,
2590 4244 2659 4292 A.

845 4329 907 4378 of
934 4328 1024 4378 the
1047 4328 1238 4390 palace,
1265 4327 1368 4375 and
1409 4339 1443 4372 a
1480 4331 1615 4375 most
1636 4323 1851 4374 influen-
2007 4322 2031 4354 ³
2065 4322 2354 4388 Dacqberlzt
2376 4331 2423 4372 ct
2445 4319 2744 4388 Bermlam]
2773 4323 2946 4392 Daeg-

846 4409 940 4457 tial
964 4407 1132 4457 officer
1154 4409 1316 4457 under
1338 4408 1535 4458 several
1559 4406 1712 4469 kiugs
1748 4404 1852 4453 aud
1941 4403 2120 4453 bereht
2154 4411 2206 4453 et
2240 4402 2532 4465 Berehtere,
2557 4404 2624 4453 A.
2696 4407 2795 4458 See
2833 4401 2946 4455 Mae-

845 4504 1036 4554 queens
1061 4487 1122 4536 of
1136 4487 1348 4537 France.
1940 4484 2146 4535 billon’s
2181 4492 2302 4534 note
2342 4484 2394 4534 in
2432 4485 2521 4535 the
2560 4485 2766 4549 prefime
2787 4492 2842 4535 to
2865 4485 2946 4537 his

908 4566 930 4600 ²
965 4565 1261 4632 Aldqislum]
1294 4566 1622 4631 Aldgelsum,
1644 4564 1713 4613 A.
1940 4562 2135 4614 edition
2179 4563 2243 4613 of
2273 4564 2377 4614 this
2421 4564 2527 4624 lire,
2572 4564 2625 4614 in
2669 4564 2837 4616 which
2882 4564 2949 4634 he

908 4646 930 4678 ³
966 4645 1164 4710 Fresis]
1192 4645 1357 4705 Freis,
1382 4646 1451 4694 A.
1938 4640 2185 4693 identifies
2209 4642 2499 4694 Berchtere.

909 4727 929 4757 ⁴
965 4725 1231 4791 emi-simi]
1262 4726 1331 4775 A.
1357 4745 1372 4783 ς
1407 4722 1590 4785 emisit,
1617 4723 1734 4775 MS.
2003 4720 2025 4755 ⁹
2057 4720 2259 4789 Hesio]
2291 4721 2452 4783 Freis,
2475 4722 2572 4804 A„x

907 4807 927 4841 ⁸
963 4806 1082 4874 ¹⁶55]
1113 4807 1206 4855 ins.
1230 4805 1365 4856 stom
1387 4804 1456 4855 A.
