3600 5800
875 868 1006 932 342
1301 864 1311 874 '
1680 889 1701 901 ²
1720 885 1900 935 mm
1925 885 2293 935 mamm

535 1090 695 1141 Their
713 1104 793 1140 re-
875 1091 1013 1137 non
1055 1069 1260 1136 fuisse
1306 1070 1709 1137 subversam.
1804 1070 1881 1136 Si
1929 1092 2084 1159 ergo
2111 1071 2446 1139 Dominus
2490 1093 2765 1139 manum
2808 1093 2995 1139 revo-

534 1156 826 1288 Essssgeffl,
871 1174 1052 1240 eavit
1117 1173 1393 1239 ultionis
1462 1175 1998 1240 conditionaliter
2041 1175 2410 1253 intentatae,
2485 1196 2639 1242 eum
2702 1198 2810 1241 eos
2873 1175 2989 1260 qui

872 1275 1289 1362 deliquerant
1362 1275 1643 1342 vidisset
1716 1276 2157 1363 poenitentes;
2231 1283 2482 1362 quanto
2557 1278 2768 1363 magis
2841 1277 2990 1341 illos

872 1379 1063 1464 perdi
1106 1398 1243 1453 non
1286 1377 1548 1455 sineret,
1597 1399 1760 1465 quos
1827 1381 1902 1443 in
1962 1399 2041 1443 ea
2084 1400 2219 1464 qua
2277 1380 2760 1446 conturbantur
2802 1386 2991 1465 parte

877 1480 1144 1566 penitus
1187 1482 1382 1546 novit
1425 1481 1829 1547 innocentes.
1923 1480 2176 1548 Confisi
2221 1488 2384 1549 sunt
2441 1504 2511 1573 se
2559 1482 2788 1547 eadem
2831 1482 2989 1548 faci-

872 1581 1064 1647 litate
1090 1581 1311 1667 -hujus
1371 1604 1561 1668 posse
1623 1583 1919 1670 potentis
1984 1583 2310 1649 malitiam
2381 1584 2696 1670 effugere,
2755 1605 2888 1669 qua
2949 1606 2991 1649 a

877 1683 1240 1769 supradicti
1309 1685 1569 1749 comitis
1644 1686 1903 1751 insultu
1966 1685 2278 1752 liberatos
2341 1708 2410 1752 se
2469 1691 2795 1751 noverant
2862 1685 2990 1750 Dei

872 1784 1142 1862 virtute,
1172 1790 1242 1851 et
1270 1787 1744 1872 patrocinantis
1776 1786 2178 1853 Confessoris
2208 1807 2415 1874 opere.
2492 1787 2992 1853 Meditabantur

540 1889 847 1952 Paul-xxvi„
873 1908 1027 1973 ergo
1103 1884 1385 1973 quilibet
1450 1889 1631 1954 intra
1673 1911 1757 1968 se,
1806 1887 1889 1955 Si
1953 1888 2293 1957 Dominus
2351 1888 2538 1957 salus
2579 1908 2746 1967 mm,
2794 1910 2991 1976 quem

540 1963 649 2009 1‘2'
879 1985 1168 2054 timebo?
1241 1988 1325 2054 Si
1371 1988 1715 2056 Dominus
1754 1997 2087 2076 protector
2116 1990 2269 2057 vitoe
2311 2011 2489 2067 moe,
2530 2012 2578 2055 a
2608 2012 2739 2076 quo
2784 1990 2991 2076 trepi-

881 2088 1105 2156 dabo?
1183 2090 1667 2157 Clamavemsnt
1740 2091 1966 2176 ἀρνίων
2040 2091 2137 2157 ad
2209 2091 2607 2170 Domimom,
2685 2099 2744 2157 et
2818 2091 3016 2169 salvi..

538 2196 677 2247 Psal.
695 2194 822 2259 xxi„
868 2192 1049 2281 facti
1090 2199 1267 2261 sumt.
1390 2195 1487 2260 In
1530 2195 1665 2260 Deo
1706 2202 2160 2281 speraverunt,
2208 2203 2270 2277 et
2312 2217 2457 2262 mm
2500 2203 2663 2262 eum
2707 2193 2987 2281 confusi.

537 2267 585 2314 θ’
878 2295 1065 2363 Infra
1136 2317 1421 2382 namque
1467 2297 1667 2383 spatii
1728 2297 2142 2376 brevitatem,
2219 2297 2395 2364 infra
2437 2299 2680 2365 modici
2739 2302 2989 2384 tempo-

877 2399 969 2463 ris
1049 2398 1442 2484 angustiam,
1521 2420 1723 2484 quam
1786 2400 2004 2467 dictus
2085 2421 2360 2488 magnas
2419 2400 2991 2467 Beverlacensium

538 2501 620 2551 As
645 2515 678 2550 ὃ
695 2499 844 2616 iffi&-
877 2498 1289 2565 subversioni
1368 2500 1716 2565 temerario
1801 2501 2179 2586 praefixerat
2277 2522 2458 2579 ausu,
2543 2503 2827 2588 contigit
2915 2507 2994 2567 ut

540 2574 814 2683 3¹32&AE
879 2601 1103 2667 subita
1190 2607 1526 2687 correptus
1617 2603 2031 2688 aegritudine,
2108 2605 2455 2689 repentino
2529 2605 2994 2671 miserabiliter

541 2700 665 2751 dies.
886 2703 1253 2790 exspiraret
1295 2703 1611 2783 interitu3
1669 2704 1858 2790 justo
1903 2704 2031 2769 Dei
2087 2705 2343 2791 judicio
2365 2712 2610 2772 ⁴rueret
2672 2708 2828 2793 ipse,
2876 2708 2990 2794 qui

883 2824 991 2869 eos
1054 2803 1463 2889 cogitaverat
1500 2804 1907 2899 ⁸destruere3
1966 2804 2142 2868 diem
2209 2804 2543 2870 clauderet
2603 2812 2989 2885 extremum,

893 2908 1011 2994 qui
1083 2908 1233 2973 aliis
1306 2906 1738 2972 minitaverat
1811 2907 2300 2972 exterminium.
2424 2907 2708 2973 Tantam
2783 2910 2993 2996 igitur

881 3010 1166 3097 gratiam
1241 3015 1637 3095 tantumque
1704 3008 2018 3074 favorem·
2074 3009 2320 3096 populo
2384 3009 2841 3076 Beverlaccnsi
2917 3012 2991 3076 in

883 3115 1019 3180 suis
1067 3119 1135 3179 et
1179 3113 1392 3180 sancti
1424 3111 1830 3179 Confessoris
1875 3112 2140 3198 meritis·
2175 3113 2486 3198 dignatus
2533 3119 2636 3178 est
2664 3113 2990 3179 Dominus

823 3287 829 3292 ‚
884 3215 1278 3302 impendere,
1325 3219 1408 3279 ut
1448 3214 1523 3279 in
1562 3219 1712 3280 toto
1763 3219 1905 3280 tam
1951 3214 2111 3280 dirae
2178 3215 2654 3300 persecutionis
2698 3221 2991 3302 tempore

885 3317 1071 3381 nulla
1116 3315 1487 3383 incursione
1544 3316 1977 3380 turbarentur
2050 3314 2295 3393 hostili,
2343 3337 2476 3401 qua
2541 3321 2794 3383 certum
2855 3321 2996 3382 erat

880 3418 1019 3503 scre
1065 3418 1410 3483 universas
1455 3417 1651 3482 urbes
1695 3416 1961 3503 Angliae
2006 3417 2300 3496 turbari;
2360 3417 2494 3483 fere
2539 3418 2766 3483 nullus
2809 3405 2991 3483 inve-

888 3520 1162 3596 niretur,
1209 3520 1328 3604 qui
1371 3519 1432 3584 ei
1496 3518 1800 3603 injuriari
1868 3517 2158 3595 auderet,
2204 3518 2313 3582 vel
2358 3518 2414 3583 si
2479 3525 2650 3585 esset
2695 3520 2810 3605 qui
2872 3520 2997 3585 hoc

885 3625 1263 3698 attentaret,
1311 3621 1479 3686 ultio
1524 3620 1748 3707 gravis
1790 3619 2034 3686 festina
2076 3641 2213 3684 non
2258 3620 2339 3685 de
2375 3625 2561 3686 esset.

893 3851 1265 3939 [Quomodo
1310 3853 1544 3920 lwme‘n
1585 3851 1969 4021 Μωηζγίοέκηι
2012 3875 2045 3917 e
2088 3852 2326 4040 tuJmea
2368 3852 2609 3921 Sancti
2651 3854 2712 3922 J
2708 3854 3000 3922 ohannis

1743 3976 1784 4019 ‘r
1877 3953 2140 4022 iaverit.

998 4109 1158 4175 Non
1232 4113 1349 4185 est,
1416 4112 1498 4172 ut
1562 4106 1860 4186 arbitror,
1930 4105 2054 4172 sub
2127 4106 2392 4174 silentio
2468 4111 2999 4195 praetereundum

890 4210 1184 4276 notabile
1229 4209 1576 4297 quoddam,
1619 4210 1796 4295 quod
1839 4209 1927 4274 ad
1969 4210 2271 4276 tumbam
2318 4209 2547 4276 Sancti
2594 4211 2824 4278 diebus
2869 4213 3001 4278 illis

892 4314 1136 4380 accidit
1177 4312 1582 4378 miraculum.
1676 4310 1848 4376 Cum
1891 4332 2179 4398 namque
2208 4317 2471 4400 tempus
2513 4320 2778 4400 urgeret
2824 4315 2999 4396 Qua-

559 4434 673 4485 The
693 4434 836 4484 tomb
895 4413 1340 4501 dragesimale‚
1386 4418 1790 4500 compertum
1851 4419 1953 4478 est
2009 4413 2322 4499 primitus
2365 4436 2408 4480 a
2452 4417 2846 4503 quibusdam
2901 4440 3000 4484 ec-

557 4500 842 4617 }{3021206’
893 4516 1108 4582 clesiae
1152 4515 1472 4581 ministris
1502 4515 1576 4579 in
1604 4515 1984 4602 crepusculo
2015 4517 2318 4595 serotino,
2350 4518 2438 4582 ab
2484 4519 2626 4604 ipso
2671 4500 3001 4586 mausoleo

555 4632 690 4709 light·
896 4618 1233 4684 immensae
1295 4617 1617 4685 claritatis
1678 4618 1972 4684 eradiare
2031 4618 2354 4705 fulgorem
2418 4642 2495 4686 eo
2554 4622 2629 4685 in
2663 4621 2834 4698 ⁴1000,
2888 4621 2999 4687 ubi

560 4698 766 4762 'mg
896 4720 1217 4786 columnae
1302 4741 1571 4785 marino}
1585 4741 1679 4785 eae
1763 4720 1934 4785 illud
2019 4721 2419 4798 sustinentes
2497 4723 2998 4810 superpositum,

558 4764 691 4814 from
712 4764 768 4814 it.
