3600 5800
1303 919 1624 971 morona
1667 917 2027 969 mommo.
2590 898 2722 970 447

577 1090 584 1098 ’
614 1102 803 1170 dedit
842 1102 1087 1171 Sancto
1117 1103 1494 1184 Benedicto,
1526 1124 1724 1190 quem
1766 1109 1922 1190 po&
1964 1102 2330 1169 Dominum
2372 1100 2723 1190 privilegio

615 1204 857 1270 dilexit
917 1225 1155 1272 amore.
1247 1204 1413 1272 Erat
1487 1225 1747 1291 quoque
1823 1210 2257 1293 utrorumque
2316 1202 2724 1272 consuetudo
2746 1204 2919 1270 Every
2933 1218 3058 1283 year

615 1310 696 1370 ut
754 1307 936 1372 omni
995 1327 1170 1374 anno
1214 1307 1299 1373 ad
1344 1306 1563 1374 locum
1607 1306 1987 1374 dulcibilem
2047 1312 2520 1395 properassent,
2567 1306 2726 1393 quia
2745 1272 3023 1390 ffighsslffn

615 1407 826 1474 nimio
886 1407 1076 1476 cultu
1141 1408 1360 1476 locum
1434 1408 1655 1495 ipsum
1718 1414 1790 1474 et
1855 1408 2265 1475 habitatores
2333 1409 2722 1475 dilexerant.
2746 1404 3021 1525 fflssst

616 1509 919 1599 Cumque
978 1512 1334 1591 venissent,
1403 1511 1554 1598 quis
1615 1511 2021 1579 urbanitatis
2082 1512 2294 1577 fretus
2346 1512 2726 1598 eloquentia
2932 1488 2986 1538 y.

615 1618 837 1699 potest
877 1614 1174 1702 proferri,
1208 1614 1478 1702 quantis
1521 1614 1885 1682 honoribus
1930 1614 2381 1699 suscipiebant
2416 1634 2527 1680 eos
2556 1635 2725 1701 prae·

616 1715 779 1783 dicti
822 1715 1108 1784 fratres?
1198 1717 1528 1783 Exierunt
1587 1717 1844 1783 Levitae
1888 1715 2034 1780 bini
2095 1716 2205 1781 vel
2249 1715 2558 1801 quaterni
2610 1714 2728 1780 ab·

613 1818 802 1886 bates
845 1821 1073 1908 cappis
1116 1820 1359 1901 induti,
1392 1819 1660 1887 obviam
1699 1819 1836 1884 illis
1880 1823 2218 1907 gestantes
2241 1831 2275 1866 ⁸
2316 1817 2520 1884 libros
2562 1817 2727 1904 iiijor

615 1922 1196 2009 Evangelistarum
1261 1924 1340 1988 in
1399 1922 1726 2001 manibus,
1791 1943 1957 2009 quos
2019 1920 2502 1988 antecedebant
2561 1920 2727 2007 fiijor
2748 1926 2911 2009 'rheffr
2930 1943 3012 1981 re-

614 2024 808 2110 pueri
854 2024 972 2112 qui
1017 2025 1403 2092 deferebant
1446 2045 1680 2104 cereos,
1726 2023 1845 2090 alii
1891 2045 2137 2110 aquam
2180 2022 2597 2089 benedictam
2655 2025 2727 2088 et
2748 2004 2971 2063 oepnon.

614 2126 971 2193 incensum.
1063 2127 1194 2193 His
1257 2126 1559 2214 perfusis,
1605 2126 2037 2205 exordiarius‚
2092 2126 2352 2193 elevata
2394 2125 2470 2191 in
2512 2125 2727 2192 altum

612 2249 789 2308 voce,
836 2228 1029 2308 dixit,
1093 2235 1130 2265 “
1152 2228 1560 2316 Redemptor
1619 2228 1854 2294 mundi
1918 2232 2264 2296 conservet
2305 2227 2519 2293 vitam
2578 2248 2726 2293 ves-

613 2337 650 2368 “
690 2330 920 2398 tram.'’
1010 2330 1348 2419 Explicita
1375 2331 1803 2419 processione,
1835 2351 1971 2398 non
2001 2330 2304 2409 sedendo,
2333 2334 2415 2396 ut
2454 2330 2726 2416 quidam

612 2433 1066 2521 magnanimes
1124 2433 1276 2516 viri,
1336 2433 1453 2500 sed
1513 2433 1771 2512 stand0,
1840 2437 1911 2500 et
1971 2432 2211 2499 humili
2278 2432 2475 2498 vultu
2537 2431 2729 2499 incli-

612 2534 851 2616 nando,
897 2534 1201 2602 solebant
1243 2534 1479 2603 fratres
1524 2535 1902 2603 deosculari.

703 2636 1007 2725 Contigit
1074 2637 1362 2725 quodam
1423 2643 1722 2725 tempore
1794 2659 1977 2705 more
2053 2637 2250 2705 solito
2324 2636 2728 2705 sacerdotem

610 2737 885 2805 Domini
930 2739 1018 2806 ad
1087 2740 1564 2807 monasterium
1607 2739 1926 2808 dilectum
1970 2739 2214 2820 venire,
2261 2739 2378 2829 qui
2422 2744 2729 2827 paterna—

613 2841 770 2910 liter
836 2847 1181 2931 susceptus
1262 2843 1513 2912 mansit
1591 2843 1935 2913 nobiscum
1999 2843 2301 2933 plurimis
2374 2843 2726 2911 mensibus.

610 2944 981 3014 Mansitans
1024 2967 1185 3013 vero
1236 2947 1608 3034 gaudenter
1649 2947 2010 3026 nobiscum,
2057 2952 2387 3015 venerunt
2429 2946 2729 3034 praeclari

608 3048 751 3114 dies
794 3053 865 3114 et
905 3048 1226 3115 amabiles
1270 3049 1529 3116 cunctis
1573 3048 1859 3135 populis,
1907 3049 2024 3135 qui
2070 3054 2140 3116 et
2190 3048 2384 3116 nobis
2452 3048 2727 3115 floribus

609 3151 813 3217 roseis
874 3150 1059 3238 pleni
1120 3150 1492 3219 existimati
1561 3156 1721 3218 sunt
1765 3155 2035 3238 propter
2076 3151 2379 3238 Aug-elici
2444 3150 2727 3237 hospitis

611 3251 1063 3331 mansionem3
1116 3255 1309 3316 erant
1374 3271 1637 3336 quoque
1681 3250 2133 3317 Laetaniarum
2178 3252 2319 3318 dies
2366 3251 2441 3316 in
2485 3252 2726 3338 quibus

612 3353 827 3419 solent
871 3356 1119 3419 sanotae
1163 3351 1398 3418 matris
1442 3351 1730 3419 ecclesiae
1789 3352 1916 3417 filii
1960 3353 2347 3439 propensius
2392 3351 2610 3418 Deum
2655 3360 2726 3420 et

614 3453 893 3521 Sanctos
925 3453 1089 3540 Ejus
1134 3474 1406 3520 exorare
1449 3474 1570 3540 pro
1613 3455 1916 3540 peccatis.
2009 3454 2132 3521 Est
2159 3454 2535 3542 antiquitus
2580 3477 2724 3523 mos

613 3556 1018 3624 constitutus
1062 3561 1144 3621 ut
1171 3556 1259 3622 ad
1303 3556 1530 3622 Beatae
1561 3556 1793 3623 Mariae
1838 3556 2178 3644 genitricis
2210 3557 2462 3625 Christi
2492 3580 2726 3645 perpe-

612 3663 883 3744 tuaeque
925 3656 1208 3744 virginis
1263 3656 1657 3743 [ecclesiam]
1702 3662 1849 3724 tota
1892 3679 2150 3726 summa
2199 3660 2723 3747 congregationis
2746 3669 2801 3721 A
2820 3676 2967 3737 great

612 3759 1035 3827 deambulare
1085 3759 1284 3827 nudis
1349 3759 1599 3847 plantis
1666 3762 1920 3841 debeat,
1990 3783 2189 3850 quem
2245 3785 2495 3829 morem
2540 3785 2722 3831 secu-
2742 3737 3042 3857 {T’gffloeiffl

610 3867 722 3929 tus
765 3884 1112 3950 supremus
1158 3861 1465 3950 princeps
1527 3884 1680 3929 cum
1748 3863 2046 3951 tripudio
2089 3863 2304 3932 cordis
2348 3865 2722 3932 ambulavit
2744 3871 2943 3937 Mary’s

609 3964 969 4044 nobiscum,
1015 3986 1370 4051 omnesque
1432 3965 1644 4052 ipsius
1702 3966 1968 4045 milites,
2013 3958 2323 4035 monachi
2390 3971 2460 4033 et
2515 3969 2720 4055 pueri.
2746 3937 2957 3989 charon.

611 4067 829 4136 Juxta
884 4088 1044 4134 vero
1087 4066 1442 4147 ecclesiam,
1489 4068 1577 4135 ad
1643 4090 1847 4156 quam
1891 4069 2074 4136 exire
2119 4069 2536 4150 debebamus,
2580 4075 2726 4137 erat
2747 4077 3057 4131 Themonks

610 4192 778 4258 pons
822 4192 1018 4258 super
1084 4191 1281 4258 quem
1345 4169 1697 4250 exivimm,
1761 4176 1833 4237 et
1895 4171 1990 4239 sic
2050 4172 2322 4261 navigio
2379 4173 2724 4261 profundi·
2745 4152 2925 4264 ξθζζᾞ
2944 4148 3021 4265 ξιξ

610 4278 822 4340 tatem
863 4272 1045 4338 illius
1091 4272 1614 4339 desideravimus
1658 4294 1813 4342 cum
1858 4274 2159 4362 reliquiis
2220 4276 2531 4364 pretiosis
2576 4299 2723 4364 per·
2747 4282 2891 4358 atqui
2909 4280 2969 4331 of

608 4375 892 4442 transire
950 4396 1030 4442 ac
1091 4373 1273 4441 domi
1338 4374 1653 4443 ve1001ter
1710 4376 1941 4444 redire.
2033 4376 2324 4446 Peractis
2369 4378 2721 4446 missarum
2744 4347 3004 4480 {333⁸

611 4477 858 4557 officiis,
921 4476 1271 4544 benedixit
1348 4478 1595 4565 praesul
1662 4480 2026 4567 populum3
2087 4502 2208 4548 nos
2271 4502 2431 4548 vero
2503 4483 2721 4549 redire

610 4581 791 4649 domi
834 4579 1318 4648 festinavimus.
1409 4581 1700 4669 Impleta
1758 4585 2006 4672 puppis
2052 4589 2154 4652 est
2195 4583 2413 4666 nimis,
2459 4591 2530 4652 et
2572 4608 2720 4674 per·
2745 4593 2855 4674 [the
2876 4595 3000 4648 boat

609 4685 813 4754 ducta
854 4684 929 4752 in
988 4683 1368 4753 meditullio
1434 4685 1751 4773 profundi
1820 4689 2057 4778 stagni.
2165 4686 2467 4778 Cumque
2511 4691 2722 4783 mergi
2743 4677 2961 4795 {ffi'

1285 4848 1306 4873 ⁸
1328 4841 1594 4896 cosman]
1620 4844 1875 4898 portantes.
1889 4844 2047 4892 inem
