3600 5800
788 855 918 917 188
1394 865 1562 916 VITA
1604 865 1934 917 WILFBIDI
1979 865 2286 916 EPISCOPI

450 1053 634 1105 '3⁸¹²oe
654 1060 710 1105 ‘0
782 1053 1249 1130 consuleretur,
1294 1052 1382 1118 ad
1445 1073 1524 1119 ea
1589 1056 1771 1118 totus
1817 1058 2127 1129 arrectus,
2189 1052 2428 1117 melius
2492 1054 2629 1118 suis
2690 1054 2886 1118 rebus

446 1122 673 1247 ῧιγῗέ-ῑῗ,
780 1155 1033 1221 oonsuli
1079 1176 1214 1219 non
1257 1175 1446 1241 posse
1490 1155 1777 1240 putavit,
1826 1175 2026 1241 quam
2073 1155 2179 1219 vir
2223 1153 2352 1219 Dei
2397 1154 2536 1219 suis
2579 1156 2886 1220 omnibus

443 1255 624 1369 3?ng
637 1254 759 1369 ab·
780 1257 1170 1343 privaretur,
1246 1262 1317 1321 et
1389 1256 1802 1343 episcopatus
1879 1256 2087 1342 ipsius
2153 1257 2227 1321 in
2289 1256 2510 1343 plures
2553 1256 2887 1343 episeopos

447 1383 718 1451 binhoprio.
782 1359 1306 1426 distribueretur.

1424 1589 1873 1675 [CAPrmLUM
1918 1587 2235 1673 XXVII]

447 1756 678 1822 Archbp.
872 1749 1119 1815 Verum
1163 1748 1322 1835 quia
1363 1748 1436 1812 id
1477 1747 1588 1834 agi
1632 1751 1876 1833 praeter
1941 1767 2327 1814 eonsensum
2390 1745 2887 1813 Cantuariensis

446 1823 742 1941 Rfflgss,
779 1850 1249 1939 archiepiscopi
1315 1849 1586 1914 minime
1653 1852 1929 1935 poterat,
1997 1848 2201 1914 verba
2271 1848 2582 1935 malignae
2625 1869 2885 1914 aecusa-

447 1955 700 2031 Wilfrid’s
780 1953 984 2019 tionis
1029 1956 1258 2018 eontra
1301 1951 1679 2037 episcopum
1724 1950 1933 2036 ipsius
1977 1949 2151 2015 sedis
2195 1949 2487 2015 antistiti
2547 1949 2888 2015 Theodoro

446 2021 661 2073 menese.
780 2054 1117 2131 mandant,
1164 2057 1233 2119 et
1276 2053 1364 2119 ad
1408 2074 1545 2118 suae
1589 2050 1962 2117 voluntatis
2025 2049 2331 2117 effectum
2393 2051 2741 2137 deceptum
2786 2051 2887 2117 ’m-

780 2157 1048 2223 elinant.
1142 2155 1348 2221 Venit
1421 2156 1631 2241 igitur
1703 2155 1791 2220 ad
1851 2153 2137 2241 regalem
2197 2154 2448 2220 curiam
2493 2153 2887 2233 Theodorus,

780 2281 902 2325 sua
944 2258 1339 2326 auctoritate
1383 2257 1632 2343 regiam
1676 2255 2092 2321 voluntatem
2137 2277 2336 2342 super
2357 2254 2382 2294 ¹
2413 2255 2720 2324 wilfrido
2764 2258 2887 2322 im-

779 2362 1093 2448 pleturus.
1186 2359 1381 2441 Quod
1423 2359 1672 2425 factum
1718 2363 1835 2422 est.
1928 2357 2104 2422 Nam
2156 2358 2459 2444 protinus
2533 2360 2607 2425 in
2671 2361 2886 2434 locum

781 2462 922 2546 ejus
965 2467 1100 2526 tres
1146 2460 1496 2546 episcopos,
1543 2479 1619 2523 eo
1663 2458 1952 2534 absente,
1999 2457 2350 2525 ordinavit.

446 2580 651 2632 wilfrid
869 2563 1000 2628 Res
1044 2562 1190 2627 viro
1214 2560 1240 2600 ²
1300 2560 1497 2627 celari
1558 2580 1693 2624 non
1751 2558 2011 2645 potuit3
2078 2563 2147 2625 et
2188 2560 2624 2627 admiratione
2684 2584 2884 2648 quam

443 2648 566 2697 “⁸¹¹⁸
588 2649 675 2700 ²¹¹⁹
780 2664 1073 2729 maxima
1147 2663 1402 2738 duetus,
1477 2659 1676 2725 hilari
1750 2660 1960 2738 eorde,
2038 2660 2238 2728 alacri
2312 2662 2526 2740 vultu,
2586 2664 2882 2730 modesto

442 2728 609 2766 cam
778 2787 1005 2853 gressu
1048 2763 1220 2850 regis
1264 2761 1589 2849 palatium
1634 2762 1832 2841 subit,
1880 2783 2143 2828 eausam
2186 2762 2437 2848 negotii
2481 2765 2880 2850 perquisitu-

777 2889 904 2934 rus.
997 2866 1126 2934 Cui
1176 2866 1302 2933 hoe
1352 2865 1562 2944 modo,
1606 2871 1688 2931 ut
1733 2865 1958 2943 fertur,
2004 2865 2091 2931 ad
2138 2864 2458 2950 inquisita
2501 2888 2881 2953 responsum

776 2975 893 3035 est.
965 2976 1000 3004 “
1019 2969 1162 3034 Nee
1206 2973 1275 3033 te
1333 2967 1907 3054 inpraesentiarum
1958 2966 2237 3051 alicujus
2288 2966 2579 3032 cuminis
2638 2969 2880 3036 admis-

780 3080 815 3107 “
858 3071 1040 3137 sione
1084 3074 1408 3146 notamus,
1453 3090 1577 3135 nec
1650 3074 1877 3134 tamen
1921 3071 2248 3132 statutum
2296 3067 2378 3133 de
2422 3072 2492 3133 te
2549 3069 2879 3155 judicium

781 3182 816 3209 “
859 3172 986 3240 hae
1028 3172 1173 3239 viee
1218 3168 1679 3237 mutabimus.”
1771 3168 1897 3233 Ille
1964 3189 2122 3233 vero
2171 3167 2414 3234 talibus
2457 3170 2678 3236 verbis
2745 3193 2881 3238 non

781 3276 908 3341 sibi
972 3274 1385 3341 satisfactum
1454 3292 1592 3337 esse
1655 3268 2085 3347 consentiens,
2139 3269 2582 3356 Apostolicam
2657 3274 2878 3340 sedem

775 3376 1179 3465 appellavit3
1224 3380 1293 3441 et
1358 3395 1478 3461 pro
1531 3394 1756 3440 eorum
1800 3370 2139 3459 injustitia
2185 3372 2587 3460 indignatus,
2632 3377 2877 3444 reflexo

442 3582 649 3635 wilfi-id
669 3582 713 3636 is
867 3476 1400 3645 lntugffitem
1429 3474 1904 3659 quosggssmsztis
1934 3583 2094 3641 foedo
2126 3576 2264 3642 suis
2295 3577 2553 3645 casibus
2597 3586 2878 3647 insultare
2903 3593 3206 3659 Fridegode,

437 3650 661 3715 laughod
775 3687 1092 3745 cachinno:
1133 3685 1216 3759 et,
1251 3688 1286 3715 “
1305 3678 1418 3757 O,’'
1449 3678 1687 3765 inquit,
1737 3685 1771 3713 “
1788 3677 1930 3755 fflii,
1961 3678 2137 3745 felici
2170 3680 2602 3766 prosperitate
2648 3690 2877 3749 ducatis
2904 3665 3154 3714 ⁶3²⁴36·

436 3716 715 3898 §512⁸oeth
776 3788 811 3816 “
852 3787 1153 3868 tempora
1195 3780 1426 3867 longa:
1493 3779 1609 3845 sed
1674 3779 2011 3858 noveritis,
2059 3782 2449 3873 quantocius
2508 3809 2634 3848 sors
2668 3793 2881 3850 infesta

439 3884 678 3991 His‘pm-
775 3891 809 3920 “
852 3892 1110 3949 resolvet
1138 3882 1282 3950 haeo
1311 3886 1531 3962 gaudia
1563 3886 1823 3962 vestra3
1866 3908 1975 3948 neo
2008 3891 2174 3962 prius
2208 3882 2388 3950 hunc
2415 3905 2666 3951 annum
2696 3890 2876 3953 tran-

436 3992 623 4070 pheey,
650 3993 751 4045 and
775 3993 809 4022 “
852 3986 1013 4051 sisse
1078 3983 1409 4062 videbitis,
1475 4002 1673 4069 quam
1718 3978 1882 4048 istas
1926 4001 2089 4067 quas
2133 4005 2332 4070 super
2375 4007 2481 4052 me
2525 3987 2878 4055 derisiones

431 4058 677 4179 ssfflffl‘
772 4097 809 4125 “
851 4087 1127 4166 habetis,
1172 4085 1405 4153 acerbo
1433 4104 1711 4150 moerore
1753 4091 1987 4148 luatis-’⁹
2059 4082 2225 4165 Quae
2254 4089 2603 4173 prophetia
2630 4091 2877 4158 veritas

770 4190 947 4256 faeta
1011 4194 1128 4255 est.
1221 4188 1397 4253 Nam
1459 4189 1609 4272 post
1669 4204 1803 4250 non
1873 4183 2159 4249 multum
2202 4189 2516 4275 temporis
2579 4199 2877 4260 conserto

770 4291 961 4379 gravi
1004 4289 1239 4378 proelio
1284 4289 1460 4353 inter
1504 4285 1845 4354 Eofridum
1890 4290 1961 4352 et
2003 4284 2351 4353 Ailredum
2368 4287 2396 4329 ⁸
2437 4313 2659 4379 regem
2695 4295 2874 4361 Mer-

773 4393 1023 4459 eiorum
1061 4393 1265 4481 juxta
1308 4389 1591 4455 fiuvium
1635 4387 1940 4467 Treanta,
2015 4388 2267 4456 occisus
2342 4397 2445 4458 est
2520 4395 2828 4463 Elfuinus
2849 4398 2877 4437 ⁴

842 4660 861 4694 ¹
895 4658 1076 4725 nuper]
1100 4661 1274 4721 beato,
1295 4660 1392 4709 ins.
1416 4660 1486 4711 A.
1933 4657 1956 4692 ⁸
1986 4658 2273 4726 Ailredun]
2303 4660 2585 4722 AElrodmn,
2601 4659 2670 4712 A.
2693 4663 2757 4712 B.

839 4739 861 4773 ²
893 4738 1028 4805 viro]
1058 4737 1173 4802 Dei,
1198 4740 1294 4789 ins.
1318 4740 1389 4790 A.
1938 4737 1960 4770 ⁴
1992 4737 2268 4804 Elsut'nus]
2299 4738 2577 4802 AElfninus,
2599 4739 2670 4790 A.
