3600 5800
313 1938 393 1988 Cf.
418 1939 578 2001 Beda,

311 2004 383 2054 iii.
413 2009 489 2055 13.

1268 926 1608 978 EchESIAE
1655 925 2131 977 EBORACENSIS.

646 1112 748 1177 De
794 1133 982 1178 cruce
1028 1112 1137 1177 cui
1183 1110 1453 1195 quidam
1501 1115 1758 1176 veteres
1793 1111 1936 1196 jam
1983 1132 2253 1197 vespere
2297 1131 2553 1176 muscos

645 1213 916 1289 Attulit,
964 1212 1035 1277 in
1079 1211 1402 1298 gremium
1447 1212 1713 1277 sibimet
1758 1234 1922 1296 quos
1967 1212 2231 1298 projicit
2273 1235 2446 1298 aeger
2467 1238 2487 1276 t

645 1316 945 1401 Cumque
991 1316 1119 1379 iret
1162 1313 1463 1411 cubitum
1508 1313 1753 1378 oblitus
1797 1314 2121 1399 deponere
2167 1336 2481 1392 muscum,

645 1415 922 1481 Nescius
969 1415 1039 1479 in
1083 1414 1333 1501 gremio
1379 1435 1604 1480 somno
1650 1421 2028 1500 praeventus
2072 1416 2372 1481 habebat.

647 1516 990 1602 Evigilans
1033 1516 1251 1581 medio
1296 1515 1633 1580 morbosus
1678 1521 1974 1601 tempore
2017 1517 2244 1594 noctis,

648 1617 853 1683 Ecce!
896 1617 1152 1703 aliquid
1195 1616 1400 1702 gelidi
1446 1616 1637 1681 lateri
1683 1617 1812 1680 sibi
1858 1617 2064 1682 sensit
2108 1606 2348 1693 adesse,

647 1720 1065 1805 Admotaque
1111 1740 1313 1783 manu
1359 1739 1592 1782 sanum
1639 1739 1709 1782 se
1754 1717 1923 1782 forte
1967 1717 2168 1782 fuisse

650 1820 982 1906 Repperit‚
1029 1826 1228 1906 atque
1274 1818 1445 1883 nihil
1490 1819 1781 1884 fractura
1824 1817 2030 1883 sensit
2074 1819 2160 1882 ab
2204 1817 2333 1882 illa„

687 1908 705 1927 ⁸
739 1920 1005 2006 Inclyta
1046 1922 1224 1987 fama
1267 1921 1397 1984 viri
1442 1942 1564 1985 nec
1606 1919 1819 1984 solum
1856 1920 2009 2005 jure
2055 1920 2410 1985 Britannos

650 2022 954 2087 Illustrat
998 2020 1290 2108 populos,
1341 2024 1523 2084 trans
1570 2019 1841 2105 insuper
1883 2040 2149 2103 aequora
2191 2021 2379 2106 ponti

646 2124 948 2209 Aspersit
990 2123 1229 2199 radios,
1278 2121 1520 2207 quibus
1566 2128 1637 2186 et
1683 2122 2037 2188 Germania
2080 2123 2307 2187 fulsit:

648 2226 705 2289 E
751 2225 991 2312 quibus
1035 2229 1105 2290 et
1148 2223 1452 2310 quaedam
1498 2223 1818 2310 populosa
1864 2224 2189 2290 Hibernia
2233 2226 2454 2291 sensit.

651 2327 783 2394 Sed
828 2327 1018 2392 nobis
1063 2329 1325 2414 signum
1370 2349 1528 2393 vero
1574 2327 1750 2392 inter
1794 2327 2009 2392 multa
2050 2328 2265 2394 relatu

652 2429 799 2496 Hoc
842 2450 1106 2494 narrare
1152 2429 1409 2514 placet3
1454 2428 1614 2493 dirae
1662 2430 1821 2493 dum
1867 2435 2161 2515 tempore
2205 2431 2424 2516 pestis,

652 2531 1009 2617 AEquoreos
1055 2530 1330 2617 populos
1376 2529 1514 2596 lata
1557 2551 1706 2615 quae
1753 2530 1937 2596 clade
1983 2533 2276 2616 peremit,

654 2633 1028 2700 Scottorum
1072 2655 1311 2720 genere
1357 2633 1806 2709 scholasticus,
1852 2654 2002 2699 acer
2045 2633 2117 2697 in
2161 2641 2320 2713 arte,

652 2736 799 2802 Hoc
840 2735 1059 2801 fuerat
1103 2735 1329 2801 morbo
1375 2735 1595 2821 patria
1638 2756 1980 2820 percussus
2026 2736 2098 2800 in
2143 2736 2275 2814 illa,

651 2837 997 2903 Librorum
1041 2838 1263 2904 studio
1309 2836 1555 2914 doctus»,
1603 2836 1718 2902 sed
1761 2837 1949 2916 nulla
1992 2838 2234 2904 futurae

652 2941 831 3008 Cura
872 2941 1005 3006 fuit
1048 2943 1285 3007 misero
1331 2940 1507 3019 vitae,
1556 2941 1684 3005 sibi
1729 2963 2009 3028 cumque
2055 2942 2312 3008 videret

653 3041 887 3107 Mortis
930 3043 1156 3108 adesse
1203 3042 1394 3121 diem,
1442 3063 1683 3128 magno
1730 3042 2059 3128 trepidare
2089 3043 2323 3109 timore

652 3144 963 3230 Coeperat
1007 3145 1091 3209 ob
1136 3144 1376 3210 merita
1419 3143 1753 3221 scelerum,
1801 3166 1887 3209 ne
1931 3145 2018 3209 ad
2063 3150 2315 3211 tartara
2359 3147 2504 3213 dira

654 3246 956 3310 Mortuus
1005 3245 1246 3311 inferni
1292 3250 1647 3330 raperetur,
1695 3266 1854 3311 voce
1897 3247 2187 3331 gementi

651 3346 1031 3431 Alloquitur
1075 3346 1357 3411 socium:
1407 3355 1439 3380 “
1462 3346 1709 3422 Frater,
1741 3346 1908 3410 mihi
1953 3348 2183 3412 mortis
2226 3369 2466 3415 amarae

654 3455 687 3482 ‘⁸
731 3446 1071 3512 Articulus
1115 3454 1439 3532 properat,
1486 3446 1815 3532 citiusque
1859 3449 1945 3513 ad
1992 3455 2243 3514 tartara
2287 3451 2488 3517 ducar

654 3557 687 3582 “
732 3548 1075 3635 Perpetuae
1121 3548 1367 3624 mortis,
1416 3547 1729 3633 quianam
1753 3547 1776 3587 ¹
1822 3571 1958 3614 non
2003 3557 2294 3637 tempore
2340 3576 2545 3639 parvo

654 3660 686 3685 “
732 3650 1137 3718 Criminibus
1181 3654 1448 3715 tantum
1491 3650 1758 3736 penitus
1802 3652 2047 3717 servire
2091 3653 2394 3720 solebam.

654 3762 686 3787 “
733 3753 905 3819 Proh
951 3753 1172 3817 dolor!
1217 3752 1359 3818 haec
1401 3758 1670 3838 propter
1712 3753 1871 3819 novi
1914 3753 2146 3819 feralia
2188 3755 2470 3824 flammis

2616 914 2746 977 363

2777 1119 2930 1169 Some
2952 1133 3084 1169 moss

2776 1184 2907 1233 from
2931 1185 3018 1234 the

2776 1266 2916 1300 cross
2932 1250 3075 1301 heals

2776 1333 2808 1365 a
2830 1316 3027 1367 broken

2621 1419 2752 1480 450
2777 1398 2902 1433 m·

2623 1923 2750 1986 455
2849 1934 2856 1941 ³

2625 2432 2755 2496 460
2782 2448 2835 2498 A
2856 2448 3058 2498 scholar

2781 2515 2874 2565 has
2894 2515 2984 2565 the

2781 2581 2963 2646 plagae
2978 2603 2992 2641 ε

2623 2948 2750 3012 465

2624 3454 2756 3522 470

2784 3684 2848 3733 In
2872 3685 2951 3734 his

2783 3749 2990 3801 distress
3011 3752 3076 3802 hc

2783 3819 2966 3881 speaks
2990 3825 3042 3867 to

654 3864 687 3889 “
732 3855 1009 3921 Tartara
1050 3859 1244 3940 parta
1289 3854 1469 3918 mihi.
1565 3853 1749 3919 Totis
1794 3854 1961 3919 mihi
2006 3857 2305 3922 sensibus
2350 3865 2452 3924 est
2495 3860 2665 3937 hinc,
2784 3900 2817 3933 a
2838 3886 3088 3936 oommde.

654 3967 686 3992 “
732 3957 805 4023 Si
851 3956 1017 4023 velit
1062 3956 1497 4043 Omnipotens
1541 3957 1777 4022 misero
1823 3958 2172 4024 concedere
2217 3959 2443 4038 vitam,

542 4065 547 4072 '
654 4071 685 4097 “
733 4060 1002 4126 Viribus
1045 4059 1294 4125 annisis
1338 4081 1550 4125 mores
1594 4065 1852 4125 mutare
1897 4060 2234 4147 malignos.

653 4172 687 4197 “
733 4162 878 4228 Nec
921 4167 1146 4228 tamen
1192 4183 1329 4227 esse
1376 4161 1506 4227 mei
1551 4162 1772 4226 meriti
1818 4163 1952 4229 scio
1999 4164 2224 4229 vivere
2267 4171 2550 4243 tantum,

654 4274 687 4317 ‘-‘
733 4266 827 4330 Ni
872 4265 1038 4331 mihi
1083 4265 1399 4331 concedat
1441 4265 1603 4330 vitae
1648 4265 1844 4331 modo
1888 4288 2130 4331 munus
2173 4274 2414 4335 amatae

653 4377 685 4402 “
732 4367 1125 4434 Sanctorum
1170 4366 1422 4432 meritis
1467 4368 1839 4433 miserantis
1883 4370 2101 4456 gratia
2145 4370 2409 4436 Christi.

654 4480 687 4504 “
731 4471 986 4537 Audivi
1032 4468 1364 4557 quondam
1406 4469 1644 4536 celebri
1687 4492 1949 4537 rumore
1993 4472 2218 4538 referri

653 4581 686 4607 “
733 4572 1025 4640 Oswaldi
1072 4571 1245 4659 regis
1287 4571 1514 4638 laudes
1558 4571 1922 4638 vi1tutibus
1965 4573 2231 4660 amplas.

1102 4813 1118 4845 ¹
1155 4813 1415 4880 quianam]
1445 4811 1591 4874 MS.;
1628 4811 1891 4878 quiajam,
1913 4813 2132 4877 Froben,
2152 4813 2301 4866 Jaffe,

2626 3962 2753 4034 475

2624 4479 2756 4543 480
