3600 5800
530 1426 772 1504 Eadmer,

530 1508 676 1569 capp.
700 1505 790 1543 vn.

529 1857 738 1909 Wilfi-id
760 1865 815 1908 at

530 1924 716 1989 Ripon,
732 1927 825 1975 8ιο.

522 3042 760 3105 Eadmer,

524 3123 634 3173 cap.
661 3110 735 3160 ix.

521 3337 681 3453 ξὲᾶει,
705 3337 777 3388 iii.

871 840 1001 900 488
1737 856 2105 905 APPENDIX.

869 1044 940 1104 et
1011 1039 1346 1104 ministros
1423 1040 1707 1106 ecclesiae
1792 1048 2003 1108 morte
2087 1043 2467 1130 turpissime
2484 1043 2511 1083 ¹
2593 1043 2965 1109 damnabat.

868 1148 1056 1212 Unde,
1099 1140 1274 1205 inter
1309 1149 1643 1205 innumeros
1677 1153 1953 1217 minores,
1994 1156 2126 1208 octo
2174 1153 2551 1208 ecclesiarum
2586 1160 2783 1225 patres
2820 1167 2969 1209 cum

868 1228 1182 1312 praedicto
1227 1229 1530 1294 antistite
1574 1231 1881 1315 nequiter
1925 1232 2205 1297 tradidit
2263 1232 2692 1318 perimendos.
2788 1242 2971 1310 Quem

866 1345 1052 1399 usque
1086 1332 1278 1385 locum
1318 1349 1439 1386 suae
1485 1332 1614 1386 neci
1665 1332 2009 1403 dispositum
2032 1331 2053 1363 ²
2087 1333 2394 1390 Wilfridus
2444 1338 2675 1389 secutus
2724 1337 2832 1398 est,
2873 1350 2971 1387 cu-

866 1423 1032 1494 piens
1081 1439 1186 1493 pro
1235 1440 1321 1487 eo,
1363 1423 1415 1478 si
1450 1416 1960 1500 permitteretur,
2010 1425 2185 1479 simul
2234 1424 2432 1496 gladio
2480 1425 2647 1479 mori.
2744 1423 2971 1479 Verum

866 1521 942 1557 ne
982 1502 1041 1557 id
1077 1503 1262 1567 fieret,
1290 1504 1591 1575 episcopus
1614 1505 1804 1560 modis
1831 1506 2097 1560 omnibus
2135 1503 2454 1559 interdixit.
2527 1502 2750 1574 Corpus
2771 1507 2972 1557 tamen

869 1595 1048 1649 occisi
1107 1595 1303 1650 debito
1361 1595 1582 1650 honore
1641 1598 1975 1661 tumulavit,
2029 1593 2098 1652 et
2147 1594 2428 1665 Angh‘am
2485 1586 2720 1666 rediit3
2782 1586 2972 1671 eujus

871 1683 1025 1737 fama
1085 1682 1410 1738 sanctitatis
1472 1689 1532 1738 et
1595 1683 1935 1754 prudentiae,
1999 1682 2344 1755 eloquentiae
2380 1679 2581 1760 atque
2617 1681 2970 1754 Apostolicae

870 1760 1153 1816 doctrinae
1190 1762 1639 1834 circumquaque
1675 1763 1952 1818 innotuit.

961 1845 1057 1910 Eo
1103 1851 1397 1931 tempore
1441 1846 1762 1932 regnabat
1783 1844 1810 1884 ³
1854 1847 1926 1910 in
1959 1845 2575 1912 Northanhumbria
2606 1846 2789 1913 Oswi
2822 1866 2971 1911 cum

868 1946 1005 2012 filio
1051 1968 1170 2012 suo
1217 1946 1491 2025 Alfi—ido,
1539 1948 1655 2033 qui
1702 1949 1785 2013 ob
1830 1949 2073 2013 famam
2122 1947 2350 2014 Sancti
2395 1948 2689 2013 Wilfridi
2724 1947 2970 2032 Ripen-

868 2070 1006 2113 sem
1069 2047 1425 2126 ecclesiam,
1502 2071 1650 2134 quae
1734 2050 1927 2114 modo
2003 2050 2229 2135 Ripun
2292 2056 2583 2128 vocatur,
2653 2071 2803 2116 cum
2866 2048 2971 2112 his

867 2171 1016 2234 quae
1062 2151 1162 2215 sui
1203 2150 1374 2235 juris
1436 2156 1639 2229 erant,
1687 2151 1892 2238 regali
1954 2152 2409 2217 munificentia
2469 2152 2681 2217 eidem
2741 2155 2971 2216 contu-

746 2279 758 2292 ·
865 2238 1099 2304 lerunt.
1195 2249 1378 2318 Quem
1415 2250 1692 2305 videlicet
1726 2251 1923 2305 locum
1974 2248 2256 2305 dederant
2303 2249 2554 2322 pridem,
2596 2250 2672 2305 ad
2708 2252 2971 2305 constru-

865 2328 1080 2383 endum
1116 2329 1266 2384 inibi
1299 2330 1735 2396 monasterium,
1774 2331 1868 2385 his
1892 2331 1994 2401 qui
2034 2329 2238 2385 Scotos
2276 2331 2680 2402 sequebantur.
2743 2330 2970 2385 Verum

862 2411 1002 2483 quia
1060 2412 1147 2465 illi
1204 2412 1595 2483 postmodum,
1621 2458 1629 2469 ,
1659 2414 1893 2485 optione
1953 2414 2109 2478 data,
2165 2413 2502 2468 maluerunt
2559 2413 2689 2468 loco
2740 2412 2965 2476 cedere,

862 2512 1036 2567 quam
1098 2495 1322 2550 Pascha
1380 2496 1753 2561 catholicum,
1807 2502 2165 2565 caeterosque
2216 2496 2367 2552 ritus
2421 2496 2752 2562 canonicos,
2801 2496 2972 2567 juxta

863 2574 1139 2629 Romanas
1191 2581 1252 2631 et
1286 2575 1637 2645 Apostolicae
1688 2575 1947 2630 ecclesiae
1991 2576 2490 2641 consuetudinem,
2542 2575 2818 2648 recipere,
2859 2566 2970 2631 de-

863 2653 1105 2717 derunt
1147 2663 1256 2717 hoc
1294 2661 1401 2723 illi,
1429 2678 1600 2730 quem
1637 2661 1979 2715 melioribus
2009 2662 2301 2717 imbutum
2327 2662 2653 2734 disciplinis
2690 2681 2760 2720 ac
2794 2664 2972 2720 mori-

860 2752 970 2805 bus
1005 2741 1337 2815 viderunt,
1383 2744 1452 2803 et
1518 2739 1605 2803 ab
1671 2739 1973 2803 Ajlberto
2022 2740 2450 2818 Gewisorum,
2497 2742 2572 2806 id
2631 2748 2732 2806 est
2785 2742 2970 2809 Occi—

862 2841 1228 2907 dentalium
1298 2838 1656 2915 Saxonum,
1712 2840 2015 2926 episcopo
2084 2840 2544 2928 presbyterum
2608 2846 2970 2910 consecrari

862 2945 1175 3009 fecerunt,

933 3046 1095 3101 Mota
1145 3051 1235 3101 est
1284 3061 1354 3100 ea
1405 3048 1750 3114 tempestate
1806 3044 2048 3114 quaestio
2109 3044 2183 3099 de
2239 3043 2640 3100 observatione
2692 3045 2964 3113 'Paschas3

861 3155 998 3192 nam
1062 3135 1242 3202 Scoti,
1300 3133 1369 3192 et
1435 3125 1638 3190 etiam
1710 3126 2010 3192 Aidanus
2079 3132 2148 3193 et
2214 3127 2526 3204 FinanuS,
2603 3133 2674 3193 et
2745 3127 2968 3214 plures

861 3217 1082 3302 Angli,
1117 3236 1321 3285 contra
1343 3243 1566 3282 morem
1584 3224 1937 3282 universalis
1963 3229 2226 3284 ccclesiae
2252 3216 2503 3282 Pascha
2531 3217 2966 3286 celebrabant.

862 3306 1059 3371 Unde
1104 3327 1579 3391 nonnunquam
1627 3306 1910 3392 contigit
1938 3319 2007 3369 ut
2044 3316 2134 3370 bis
2171 3315 2234 3369 in
2271 3331 2422 3370 anno
2459 3314 2683 3370 Pascha
2717 3315 2970 3371 celebra-

861 3412 1026 3458 retur
1043 3427 1059 3467 ;
1101 3411 1161 3458 et
1197 3423 1330 3460 cum
1365 3422 1467 3459 rex
1506 3395 1689 3460 Oswi
1725 3404 1951 3458 Pascha
1997 3402 2203 3458 solutis
2250 3401 2496 3473 jejuniis
2544 3402 2783 3466 faceret,
2826 3410 2969 3458 tunc

522 3480 636 3531 The
654 3483 838 3534 Easter
859 3484 1067 3554 regina
1100 3501 1237 3538 cum
1270 3483 1395 3539 suis
1443 3484 1764 3554 persistens
1813 3483 2002 3537 adhuc
2052 3483 2115 3536 in
2156 3482 2385 3554 jejunio
2436 3481 2595 3536 diem
2634 3480 2970 3536 Palmamm

522 3555 723 3599 contro-

521 3628 691 3680 verny.

844 4679 856 4690 ·
925 4664 947 4696 ²
981 4663 1301 4731 dispositum]
1344 4662 1648 4728 depositum,
1669 4662 1730 4714 Ο.

859 3566 1197 3621 celebraret.
1271 3566 1418 3622 Haec
1457 3572 1652 3621 autem
1703 3565 2070 3622 dissonantia
2118 3564 2416 3620 Paschalis
2458 3564 2846 3620 observantiae
2883 3563 2969 3619 vi-

857 3653 1028 3704 vente
1065 3648 1294 3704 Aidano
1330 3650 1625 3720 patienter
1674 3648 1748 3704 ab
1802 3648 2073 3704 omnibus
2123 3648 2503 3711 tolerabatur,
2544 3647 2648 3718 qui
2695 3652 2970 3718 patenter

857 3734 1236 3790 intellexerat
1288 3734 1428 3806 quia
1481 3733 1596 3788 etsi
1633 3733 1858 3788 Pascha
1894 3738 2099 3787 contra
2141 3748 2360 3786 morem
2398 3747 2601 3785 eorum
2639 3730 2740 3801 qui
2776 3730 2967 3801 ipsum

856 3817 1172 3873 miserant⁴
1227 3818 1418 3873 facere
1471 3834 1588 3871 non
1644 3815 1854 3887 potuit,
1895 3832 2070 3885 opera
2123 3820 2323 3869 tamen
2377 3812 2557 3880 fidei?
2613 3814 2870 3885 pietatis,
2910 3821 2971 3870 et

855 3901 1202 3966 dilectionis,
1233 3902 1406 3975 juxta
1439 3917 1664 3956 morem
1688 3898 1954 3953 omnibus
1992 3897 2220 3954 Sanctis
2252 3903 2615 3963 consuetum,
2651 3897 2971 3969 diligenter

857 3985 1068 4055 exequi
1105 3985 1348 4041 curavit.
1435 3983 1607 4039 Unde
1655 3982 1729 4038 ab
1778 3981 2071 4046 omnibus,
2121 3982 2300 4038 etiam
2350 3980 2459 4037 iis⁶
2497 3982 2601 4052 qui
2634 3980 2708 4036 de
2744 3981 2969 4039 Pascha

855 4063 1027 4126 aliter
1064 4068 1411 4134 sentiebant,
1451 4067 1661 4123 merito
1691 4064 2085 4137 diligebatur3
2124 4083 2229 4121 nec
2253 4066 2441 4120 solum
2478 4084 2514 4121 a
2549 4065 2962 4133 mediocribus,

854 4172 1060 4209 verum
1113 4156 1185 4210 ab
1237 4153 1526 4224 episcopis
1543 4150 1563 4188 ⁷
1603 4150 1868 4205 Honorio
1920 4149 2386 4214 Cantuariorum‚
2424 4155 2486 4205 et
2533 4148 2730 4204 Felice
2767 4147 2968 4205 Orien-

855 4233 1065 4289 talium
1103 4233 1431 4304 Anglorum
1454 4228 1829 4286 veneratione
1864 4228 2097 4284 habitus
2123 4233 2228 4283 est.
2303 4227 2476 4283 Unde
2512 4220 2748 4285 merito
2783 4230 2970 4284 movit

856 4313 984 4369 haec
1021 4312 1265 4383 quaestio
1313 4328 1517 4366 sensus
1572 4315 1633 4364 et
1685 4307 1866 4363 corda
1916 4307 2257 4372 multorum,
2309 4308 2644 4364 timentium
2692 4326 2766 4364 ne
2818 4309 2969 4364 forte

924 4473 940 4505 ¹
980 4471 1287 4536 turpissime]
1344 4470 1408 4520 Ε.
1452 4468 1516 4520 Ο.
1598 4465 1868 4531 Oapgrave
2021 4463 2043 4496 ⁴
2075 4464 2340 4529 miserant]
2397 4466 2478 4515 vel
2522 4464 2866 4526 instituerant,
2911 4467 2963 4515 iu

856 4551 952 4602 has
976 4549 1328 4614 aspidium.
1955 4558 2110 4608 νισι-9.
2138 4542 2201 4594 Ο.

2022 4622 2044 4654 ⁶
2072 4621 2223 4688 fidei]
2263 4629 2315 4673 et
2336 4624 2429 4674 ins.
2454 4623 2516 4673 E.
2542 4621 2607 4673 Ο.

2020 4701 2044 4733 ⁶
2077 4701 2169 4766 iis]
2210 4700 2309 4762 his,
2331 4701 2393 4751 Ε.
2417 4702 2480 4753 Ο.

921 4783 944 4816 ⁸
979 4779 1245 4845 reynabat]
1287 4778 1532 4842 regnavit,
1553 4779 1613 4828 E.
2022 4779 2044 4818 ⁷
2077 4780 2349 4847 episcopas]
2387 4779 2530 4843 ipsis,
2563 4778 2626 4830 Ο.
