3600 5800
1334 901 1654 954 AUCTORE
1699 899 2059 952 ANONYMO.
2623 885 2750 952 455

650 1090 938 1177 populus
967 1090 1237 1157 accedat
1264 1089 1365 1156 ad
1397 1089 1781 1177 episcopum
1816 1089 1927 1156 vel
1969 1089 2395 1168 sacerdotem,
2428 1092 2499 1154 et
2542 1087 2755 1155 mani·
2781 1097 2884 1147 and
2902 1094 3069 1147 distri-

650 1190 775 1256 bus
842 1191 916 1256 in
990 1192 1261 1257 modum
1328 1191 1541 1259 crucis
1603 1190 1916 1278 expansis
1983 1191 2271 1278 accipiat
2330 1191 2754 1258 benedictum
2778 1164 2929 1294 ζξξῗ
2948 1164 3036 1281 ξιξ

648 1313 904 1379 panem,
950 1298 1019 1360 et
1063 1295 1157 1361 sic
1198 1293 1485 1360 resideat
1528 1293 1616 1360 ad
1659 1294 2058 1359 sumendum
2117 1294 2359 1361 cibum.
2451 1294 2756 1380 Cumque
2781 1295 3032 1348 nedictus.

649 1394 953 1461 omnibus
1014 1395 1286 1462 offulam
1352 1395 1546 1482 panis
1611 1395 1919 1473 dedisset,
1966 1400 2036 1461 et
2080 1415 2309 1462 omnes
2375 1400 2756 1461 reverenter

649 1497 1058 1575 resedissent,
1091 1501 1161 1563 et
1202 1501 1547 1586 gratanter
1589 1498 2025 1576 comederent,
2057 1498 2285 1583 posuit
2328 1502 2520 1584 pater
2561 1498 2754 1584 panis

649 1602 907 1685 partem
942 1600 1147 1686 juxta
1189 1598 1367 1685 quod
1412 1599 1601 1676 sedit,
1633 1603 1704 1665 et
1747 1598 2037 1666 comedit
2080 1599 2243 1665 satis
2272 1598 2503 1666 libens.
2594 1598 2759 1664 Erat

648 1700 891 1769 idcirco
935 1702 1145 1780 laetus,
1194 1700 1507 1787 quoniam
1575 1701 1732 1768 aula
1774 1706 1919 1767 erat
1980 1701 2194 1787 plena.
2286 1701 2553 1767 Interea
2596 1700 2756 1765 dum

650 1804 875 1871 cuncti
919 1804 1250 1870 instanter
1299 1824 1538 1890 panem
1583 1808 2149 1889 persequerentur,
2194 1803 2386 1869 venit
2443 1802 2758 1869 audacter

651 1905 888 1971 infelix
909 1918 944 1954 8
1017 1928 1204 2022 quse
1241 1905 1548 1972 cordibus
1623 1910 1694 1971 et
1767 1903 1987 1971 avidis
2061 1903 2326 1972 buccis*
2400 1905 2758 1973 momordit
2781 1905 2835 1956 A
2857 1920 3034 1958 11181188

651 2007 983 2074 benedicti
1050 2008 1243 2094 panis
1305 2008 1525 2086 micas,
1572 2027 1722 2093 quae
1790 2006 2081 2073 habebat
2146 2011 2543 2093 potestatem
2604 2012 2756 2074 tan·
2780 2039 3051 2117 fragment,

652 2108 871 2196 gendi,
934 2109 1050 2175 sed
1111 2129 1248 2175 non
1314 2108 1607 2175 habebat
1674 2108 1816 2174 vim
1878 2108 2223 2224 glutiendi.
2335 2109 2469 2191 Qui
2530 2114 2755 2176 autem
2780 2105 2921 2157 ⁸1¹⁶
2906 2121 2951 2156 ¹⁸

656 2210 1055 2277 Christianis
1124 2216 1269 2277 erat
1329 2211 1731 2298 praesidium,
1778 2210 1989 2298 ipsius
2053 2215 2197 2276 erat
2263 2172 2980 2289 (10111-1111011ΐῑιι111.(ᾗΙιοιιθᾱ
3001 2173 3072 2237 by

656 2312 1020 2380 Intervallo
1064 2313 1257 2392 fact0,
1303 2313 1724 2380 advenerunt
1766 2311 2159 2400 perplurimi
2202 2313 2438 2380 famosi
2498 2313 2629 2379 viri
2675 2336 2761 2380 ex

654 2413 928 2480 civitate
972 2415 1308 2501 praedicta,
1337 2434 1615 2480 munera
1657 2413 2026 2480 deferentes
2058 2413 2309 2480 eximia
2351 2413 2762 2501 praeamabili

654 2516 820 2596 vir0,
867 2538 1016 2603 quse
1059 2518 1489 2605 gratulanter,
1535 2517 1712 2583 sicut
1779 2537 1922 2582 mos
1996 2522 2156 2595 erat,
2159 2514 2184 2555 ¹
2247 2517 2427 2583 tulit.
2519 2518 2617 2583 At
2660 2517 2762 2582 1111
2789 2517 2901 2569 The
2931 2516 3098 2568 facti

655 2638 895 2704 panem
941 2618 1364 2685 benedictum
1422 2617 1552 2683 sibi
1597 2617 1741 2685 dari
1800 2618 2262 2736 poposcebant.
2355 2618 2602 2685 Volens
2648 2619 2763 2687 ille
2790 2533 3098 2636 discovered?

653 2720 843 2786 illum
907 2741 1101 2806 quem
1164 2725 1475 2808 posuerat
1527 2705 1719 2788 clara
1783 2721 2080 2816 accipere
2145 2742 2367 2799 manu,
2437 2722 2763 2808 conspicit

654 2822 960 2888 miseram
1005 2823 1253 2889 ibidem
1299 2823 1520 2911 jacere
1580 2826 1931 2904 mortuam,
1980 2843 2181 2911 quam
2226 2844 2383 2890 mox
2444 2825 2764 2914 praecepit

655 2926 913 2992 eminus
972 2925 1210 3014 jacere,
1280 2926 1380 2991 nil
1441 2927 1839 3014 intelligens,
1909 2948 2125 3013 neque
2189 2948 2426 2994 curans
2491 2929 2573 2995 de
2640 2927 2765 2996 hoc

657 3028 834 3113 quod
902 3026 1151 3094 factum
1218 3031 1378 3093 erat.
1473 3027 1770 3092 Ministri
1839 3031 2066 3093 autem
2128 3033 2269 3094 tam
2336 3028 2470 3094 cito
2539 3029 2766 3115 loque-

656 3127 905 3193 bantur
948 3150 1245 3194 sermone
1291 3128 1374 3193 de
1417 3126 1542 3194 hoc
1588 3128 1767 3213 quod
1812 3128 2158 3195 acciderat.

748 3228 1183 3296 Consecratus
1246 3233 1349 3295 est
1408 3250 1529 3294 rex
1573 3228 2016 3308 AEthelreduS,
2085 3228 2245 3295 clito
2308 3231 2631 3346 egregius,
2678 3232 2765 3297 ad
2791 3232 2904 3284 The
2926 3246 3104 3284 conse-

659 3329 847 3416 regni
908 3329 1250 3446 fastigium
1315 3329 1401 3395 ab
1446 3329 1800 3396 Dunstano
1867 3329 2250 3416 Apostolico
2317 3332 2464 3397 viro
2527 3337 2598 3398 et
2660 3354 2765 3400 co·
2788 3299 2950 3431 Κῖξὲο
2928 3300 3107 3415 ἐῶ-

659 3431 956 3517 apostolo
1015 3431 1159 3517 ejus
1206 3430 1536 3510 Oswald0‚
1567 3431 1655 3498 ad
1699 3430 1890 3549 cujus
1919 3431 2474 3499 consecrationem
2519 3446 2816 3553 magna?
2790 3432 2895 3483 ‘0⁶-

658 3531 900 3599 laetitia
942 3537 1099 3599 erat.
1193 3532 1346 3620 Ipse
1414 3533 1593 3599 enim
1647 3533 1921 3621 juvenis
1985 3534 2220 3600 extitit
2263 3555 2593 3602 annorum
2639 3537 2763 3604 cir-

658 3635 839 3714 culis,
884 3634 1177 3702 moribus
1229 3635 1509 3722 elegans,
1555 3636 1831 3724 pulcher
1888 3636 2102 3716 vultu,
2152 3637 2423 3703 decorus
2471 3645 2762 3727 aspectu.

661 3737 824 3803 Mox
890 3737 1068 3804 enim
1128 3742 1487 3823 antequam
1548 3737 1990 3825 praecessisset
2054 3742 2324 3805 aetatem
2391 3741 2765 3827 pubertatis

661 3861 816 3919 suae,
864 3838 1153 3906 surrexit
1196 3844 1427 3906 contra
1469 3860 1624 3906 eum
1666 3840 1973 3928 princeps
2017 3839 2353 3921 Beemoth,
2387 3862 2537 3910 cum
2583 3846 2765 3911 omni

661 3946 986 4028 apparatu
1029 3962 1164 4021 su0‚
1195 3946 1267 4008 et
1310 3940 1709 4008 satellitibus
1754 3942 1909 4021 suis,
1939 3942 2193 4008 habens
2235 3964 2454 4011 secum
2485 3945 2764 4026 caelethi,

666 4044 813 4131 (810)
845 4045 917 4111 id
948 4048 1051 4111 est
1077 4044 1567 4112 mortificantes.
1622 4045 1971 4112 Venenmt
1998 4052 2318 4134 regnante
2349 4046 2466 4114 illo
2495 4049 2765 4116 nefandi

661 4146 841 4214 Dani
885 4146 974 4213 ad
1017 4168 1295 4234 regnum
1339 4147 1726 4234 Anglorum,
1773 4147 1892 4236 qui
1935 4153 2176 4216 cuncta
2228 4149 2652 4217 devastantes
2696 4156 2768 4218 et
2789 4160 2843 4211 A
2865 4161 3070 4212 Danish

662 4253 1043 4328 cremantes,
1088 4270 1226 4315 non
1268 4248 1648 4316 hominibus
1692 4255 2140 4337 pepercerunt,
2183 4251 2299 4317 sed
2342 4254 2762 4320 mucronibus
2788 4227 3038 4345 ffitfflffl’

665 4352 946 4420 coruscis
977 4356 1047 4417 et
1090 4351 1416 4438 pharetris
1446 4353 1759 4421 toxicatis
1803 4353 2215 4440 gloricantes,
2246 4355 2525 4440 serisque
2569 4358 2767 4423 cassis
2791 4360 2967 4413 81118111
2954 4377 3040 4412 1·88

667 4453 815 4541 (810)
863 4476 933 4522 80
976 4475 1329 4533 armavere,
1362 4476 1516 4522 cum
1547 4455 1788 4542 quibus
1817 4476 2215 4543 pugnavere,
2262 4461 2333 4524 et
2376 4462 2619 4525 terrere
2664 4481 2768 4526 so-

664 4556 893 4623 lebant
952 4562 1305 4623 cernentes.
1398 4556 1680 4637 Factum
1724 4560 1827 4623 est
1886 4556 2311 4623 durissimum
2353 4559 2603 4626 bellum
2646 4562 2720 4628 in
2740 4560 2768 4601 ²

715 4699 738 4722 ⁸
761 4691 958 4746 infelix]
974 4703 1013 4737 ε.
1028 4704 1148 4745 mus,
1165 4691 1326 4738 interl.
1703 4693 1714 4746 Ι
1810 4692 1833 4724 ¹²
1858 4693 2040 4748 buccis]
2060 4693 2212 4749 labiis,
2227 4697 2388 4745 interl.

732 4854 751 4887 ¹
784 4855 914 4905 sicut
949 4869 1051 4906 mos
1090 4864 1203 4907 erat
1220 4856 1330 4924 (?)]
1373 4853 1469 4908 sibi
1504 4856 1662 4909 moris
1826 4857 1849 4891 ⁹
1881 4858 1960 4926 in]
1990 4872 2111 4921 non,
2134 4858 2250 4916 MS.

665 4938 832 4998 erant,
850 4932 966 4987 MS.
