3600 5800
434 1642 597 1707 Beda,
622 1646 675 1697 ii.

436 1713 516 1760 13.

417 2363 574 2427 Beda,
598 2365 646 2416 ii.

397 3478 658 3593 iCfiBeda,

1412 952 1752 1004 scenasm
1800 954 2275 1006 Esomcnsffls.
2369 1024 2381 1032 ἢ
2754 945 2884 1011 355

781 1141 1273 1230 Impatiensque
1317 1166 1517 1212 morae
1562 1148 1908 1233 quatiebat
1951 1151 2275 1216 morsibus
2318 1172 2576 1218 aurum.

778 1243 1115 1309 Terribilis
1161 1247 1374 1331 qualis
1420 1269 1619 1314 curvo
1665 1250 1745 1313 fit
1791 1250 2074 1316 Parthus
2121 1253 2192 1316 in
2237 1274 2408 1329 arcu,
2499 1307 2507 1313 .
2905 1265 3069 1317 which
3094 1268 3158 1321 he

775 1343 898 1409 Vel
943 1346 999 1409 si
1047 1346 1242 1432 longa
1286 1347 1464 1412 leves
1508 1350 1731 1415 vibrat
1775 1351 2042 1417 hastilia
2086 1355 2159 1417 in
2202 1375 2409 1429 auras,
2621 1432 2632 1445 ι
2895 1331 3039 1389 ‘¹⁰⁸⁵'

774 1445 951 1518 Talis
996 1453 1064 1512 et
1108 1450 1249 1535 ipse
1292 1451 1466 1534 petit
1500 1452 1721 1536 jaculo
1766 1454 2032 1541 fastigia
2074 1455 2228 1521 fani.
2743 1463 2869 1523 185

775 1547 833 1612 Ο
878 1548 1159 1613 nimium
1204 1553 1379 1616 tanti
1425 1552 1588 1617 felix
1632 1555 1908 1621 audacia
1952 1557 2150 1622 facti!

769 1657 993 1716 Polluit
1034 1660 1189 1719 ante
1235 1653 1413 1734 alios,
1463 1683 1603 1738 quas
1643 1668 1765 1737 ipse
1808 1673 2158 1733 sacraverat,
2206 1686 2353 1722 arae.

768 1755 971 1824 Plena
1016 1760 1176 1825 fides
1222 1759 1459 1845 patuit,
1505 1780 1625 1823 nec
1669 1757 1886 1823 adhuc
1930 1759 2001 1822 in
2046 1759 2227 1824 fonte
2274 1760 2550 1836 lavatus,

766 1857 1084 1945 Explevit
1128 1861 1400 1925 virtutis
1446 1882 1608 1946 opus
1654 1860 1902 1945 pietate
1949 1860 2145 1925 fideli.

764 1958 986 2025 Turba
1029 1962 1440 2026 salutiferum
1487 1963 1784 2045 sequitur
1829 1982 1984 2025 mox
2029 1966 2172 2027 tota
2215 1963 2639 2047 magistrum3
2733 1970 2862 2033 190

762 2059 1031 2127 Viribus
1076 2064 1410 2129 unanimis
1455 2068 1762 2127 sternunt
1807 2062 2199 2148 caeduntque
2244 2062 2588 2129 sacellum:

760 2160 945 2228 Tunc
990 2170 1207 2231 erecta
1248 2165 1388 2229 ruit
1431 2165 1568 2229 fani
1615 2170 1947 2230 structura
1992 2164 2264 2250 profani,

757 2264 1088 2331 Funditus
1135 2267 1206 2331 in
1251 2267 1500 2332 cineres
1544 2267 1746 2333 etiam
1794 2267 2128 2332 destructa
2171 2267 2435 2333 fatiscit.

839 2367 1082 2433 Adfuit
1125 2371 1377 2434 interea
1422 2374 1682 2453 tempus
1728 2367 2038 2433 Paschale
2083 2390 2201 2453 per
2246 2371 2494 2447 orbem,

753 2468 901 2548 Quo
945 2493 1064 2536 rex
1109 2493 1258 2537 cum
1304 2472 1545 2559 populo
1591 2471 1830 2536 statuit
1874 2471 2203 2556 baptisma
2248 2473 2481 2550 subire,
2723 2482 2847 2543 195

751 2568 1095 2637 Euboricae
1140 2572 1325 2638 celsis
1370 2573 1570 2638 etiam
1617 2572 1741 2636 sub
1786 2572 2117 2636 moenibus
2161 2573 2385 2649 urbis;
2874 2587 2986 2637 The
3009 2591 3076 2640 ba
3045 2607 3135 2655 ap-

748 2674 831 2738 In
876 2696 1008 2760 qua
1051 2682 1227 2742 tecta
1271 2675 1412 2741 Deo
1449 2675 1653 2759 jussit
1696 2675 1828 2739 cito
1873 2695 2081 2759 parva
2123 2668 2337 2752 locari,
2870 2653 3044 2770 {ffmkffi’
3008 2657 3118 2838 “fg

747 2775 1052 2841 Sumeret
1093 2783 1173 2842 ut
1218 2777 1342 2841 sub
1386 2778 1482 2841 eis
1526 2798 1774 2845 sacram
1822 2776 2241 2861 baptismatis
2287 2778 2548 2844 undam.
2873 2787 2987 2847 &ee

741 2876 920 2942 Dum
966 2878 1207 2945 festiva
1251 2879 1391 2945 dies
1438 2878 1687 2944 inluxit
1732 2878 2044 2963 temporis
2088 2877 2263 2956 almi,
2870 2797 3068 2982 ἔξζὲἐί
3053 2865 3106 2907 ⁸²

744 2979 913 3044 Cum
959 2981 1136 3046 natis
1183 2982 1588 3066 ducibusque
1634 2980 1848 3056 simul,
1896 3001 2044 3044 cum
2091 2980 2280 3064 plebe
2325 2986 2643 3069 sequenti,
2716 2989 2845 3054 200
2889 2988 2956 3035 A.
2961 2987 3025 3037 1).
3052 2994 3163 3042 627-

741 3079 1106 3148 Undecimo
1152 3084 1337 3169 regni
1384 3083 1649 3148 Christo
1697 3088 1989 3147 sacratus
2035 3082 2108 3145 in
2152 3103 2326 3147 anno
2372 3091 2472 3148 est

739 3183 949 3249 Fonte
995 3185 1350 3262 salutiferO,
1397 3184 1691 3269 praefatae
1737 3184 1810 3244 in
1855 3182 2186 3246 moenibus
2231 3184 2456 3262 urbia,
2442 3211 2453 3222 ·

739 3283 947 3368 Cujus
991 3286 1233 3352 abhinc
1277 3285 1538 3350 culmen
1583 3284 1932 3347 sublimius
1978 3283 2225 3347 extulit
2269 3284 2434 3360 ille,
2864 3301 2969 3351 Yor
2970 3302 3072 3352 kin

734 3385 1282 3471 Metropolimque
1329 3386 1431 3448 sui
1477 3384 1717 3448 statuit
1762 3382 2113 3447 consistere
2159 3385 2358 3468 regni.
2857 3370 3145 3498 giffrossous

734 3485 845 3550 Sic
890 3507 1150 3572 quoque
1197 3485 1549 3571 Gregorius
1595 3482 1838 3568 praesul
1885 3483 2264 3548 decreverat
2309 3485 2482 3562 olim,
2702 3492 2958 3555 205111111
2981 3475 3165 3552 Pauli?

731 3587 1000 3653 Semina
1044 3588 1203 3651 dum
1247 3587 1408 3651 vitm
1454 3586 1753 3650 Romana
1794 3584 1980 3648 misit
2022 3584 2108 3648 ab
2150 3606 2295 3650 aree
2857 3580 2964 3681 331
2973 3566 3133 3683 ¹ifrah-

729 3689 1054 3753 Gentibus
1098 3686 1480 3774 Anglorum,
1527 3684 1869 3752 confestim
1915 3684 2215 3770 praecipit
2260 3687 2486 3753 urbem
2856 3696 3051 3764 bishop.
3137 3745 3146 3751 .

728 3790 922 3857 Hanc
964 3796 1167 3877 caput
1210 3790 1494 3856 ecclesiis
1541 3794 1610 3854 et
1653 3788 1913 3852 culmen
1958 3786 2226 3851 honoris
2270 3788 2513 3869 haberi,

725 3893 949 3970 Pana,
996 3893 1466 3980 pontificesque
1511 3892 1582 3955 in
1629 3889 1707 3955 ea]
1750 3891 1992 3968 vestire
2038 3897 2337 3959 sacratos

724 3993 835 4059 Sic
878 3994 1029 4080 pius
1074 3993 1339 4059 antistis
1362 3991 1385 4031 ¹
1432 3992 1719 4078 primum
1766 3991 2083 4056 Paulinus
2127 3991 2449 4072 habebat3
2695 4002 2824 4063 210

724 4096 856 4175 Qui
901 4095 1174 4160 Domini
1218 4096 1429 4181 legem
1474 4094 1803 4159 meditans
1850 4093 1920 4157 in
1965 4099 2156 4159 nocte
2203 4094 2455 4180 dieque,

723 4198 1009 4264 Sedulus
1053 4198 1127 4262 in
1170 4197 1446 4283 populos
1490 4196 1732 4281 sparsit
1775 4199 2105 4280 praecepta
2147 4194 2417 4274 salutis3

719 4299 1012 4366 Plurima
1057 4303 1455 4385 quapropter
1498 4296 1828 4362 convertit
1871 4294 2081 4359 millia
2127 4294 2391 4360 Christo
2417 4322 2433 4375 ;

719 4404 807 4468 Et
850 4403 1004 4468 fidei
1051 4401 1348 4478 flammis,
1396 4399 1668 4464 virtutis
1713 4404 1782 4463 et
1826 4398 1980 4483 igne
2024 4418 2381 4476 coruscans,

718 4506 992 4592 Frigora
1032 4504 1137 4568 bis
1183 4504 1389 4568 ternis
1436 4501 1724 4566 borealia
1768 4500 2026 4586 depulit
2069 4499 2276 4577 annis,
2683 4513 2810 4574 215

716 4609 861 4678 Rex
907 4606 1148 4692 quibus
1193 4605 1491 4691 egregius
1534 4603 1927 4761 regnaverat
1973 4601 2273 4667 Eduinus
2319 4587 2509 4683 idem,

722 4764 761 4769 —.
878 4764 925 4768 .-
958 4759 1177 4767 ——-—-—
1246 4757 1433 4765 „q-—m
1494 4757 1557 4762 0-
1582 4756 1663 4762 ff—
1744 4755 1854 4761 ———
1895 4756 1944 4760 —
2087 4756 2180 4761 ,--

2393 4759 2790 4770 ---—--—-....——..

986 4853 1053 4887 an
1020 4837 1119 4886 ntis
1121 4834 1212 4904 tis]
1241 4851 1299 4885 so
1322 4834 1378 4887 in
1401 4833 1514 4885 MS.
1582 4833 1665 4883 Ita
1687 4831 2013 4883 Alcuinums
1989 4849 2071 4884 scr
2072 4833 2150 4899 ips
2153 4835 2254 4886 isse
2275 4844 2416 4902 puto,
2438 4838 2594 4892 Jaff‘.

2413 4936 2455 4985 z
2502 4924 2543 4987 2
