3600 5800
580 1606 737 1667 Beda,
752 1621 803 1656 v·
825 1611 875 1656 2.

580 1963 692 2014 The
715 1978 835 2014 cure

579 2030 639 2080 of
654 2031 743 2080 the

581 2098 739 2146 (lumb
756 2111 890 2147 man.

584 3017 750 3069 Actus

585 3149 655 3201 iii.
679 3154 728 3199 8.

917 868 1047 929 512
1777 876 2146 926 APPENDIX.

910 1062 1192 1134 praecepit
1227 1061 1550 1133 episcopus',
1581 1067 1640 1116 et
1676 1061 1734 1116 ei
1768 1060 1834 1116 in
1870 1061 2165 1133 conseptis
2212 1061 2476 1132 ejusdem
2531 1057 2852 1116 mansionis
2886 1074 3013 1130 par-

910 1174 1052 1211 vum
1088 1155 1392 1226 tugurium
1428 1154 1554 1209 fieri
1590 1145 1908 1230 praeeepit
1941 1152 2004 1207 in
2055 1170 2171 1223 quo
2217 1169 2456 1208 manens
2508 1149 2903 1222 quotidianam
2939 1147 3013 1202 ab

911 1265 978 1302 eo
1016 1248 1229 1318 stipem
1264 1246 1571 1318 acciperet.

1739 1438 2022 1524 [Lscmo
2070 1437 2191 1522 II.]

986 1596 1249 1667 Cumque
1285 1612 1403 1651 una
1428 1594 1899 1666 Quadragesimae
1923 1601 2077 1650 esset
2102 1594 2344 1664 impleta
2367 1589 2709 1662 septimana,
2737 1593 3017 1660 sequente

913 1688 1223 1743 Dominica
1249 1688 1427 1759 jussit
1473 1688 1549 1743 ad
1601 1706 1661 1743 se
1700 1688 1913 1743 intrare
1960 1703 2297 1758 pauperem.
2383 1684 2655 1755 Ingresso
2689 1679 2914 1738 autem
2949 1696 3020 1734 eo

911 1781 1178 1850 linguam
1232 1780 1491 1852 proferre
1540 1797 1611 1834 ex
1647 1796 1763 1844 ore,
1804 1797 1872 1834 ac
1920 1779 2031 1834 sibi
2080 1777 2384 1832 ostendere
2428 1773 2641 1847 jussit;
2704 1779 2764 1829 et
2819 1792 3018 1846 appre-

913 1863 1170 1918 hendens
1217 1881 1350 1917 eum
1401 1862 1474 1918 de
1532 1869 1748 1927 mento,
1811 1861 2048 1932 signum
2107 1865 2323 1915 sanctae
2375 1858 2565 1913 crucis
2621 1856 2842 1927 linguae
2894 1858 3020 1929 ejus

913 1955 1223 2028 impressit.
1334 1947 1482 2026 Qua
1526 1948 1802 2032 signata,
1863 1971 2135 2009 revocare
2193 1954 2258 2007 in
2342 1969 2424 2018 os,
2498 1951 2790 2034 loquique
2850 1950 3019 2005 illum

912 2049 1217 2120 praecepit,
1318 2050 1355 2075 “
1379 2048 1636 2112 Dicit0,”
1691 2046 1979 2118 inquiens,
2046 2048 2085 2072 “
2107 2044 2344 2116 aliquod
2388 2045 2655 2103 verbum¹
2696 2046 3021 2105 affirmandi

917 2139 952 2167 “
984 2131 1093 2198 vel
1128 2140 1550 2204 consentiendi,
1577 2140 1639 2194 id
1676 2143 1764 2194 est
1792 2141 1808 2165 ⁸
1828 2138 2062 2193 Etiam?
2083 2137 2120 2162 ’³
2193 2137 2359 2192 Dixit
2393 2137 2616 2196 autem
2655 2143 2757 2198 ille
2794 2142 3018 2207 statim,

916 2234 1105 2288 soluto
1159 2232 1393 2287 vinculo
1444 2232 1685 2301 linguoe,
1741 2228 1897 2300 quod
1935 2228 2131 2300 jussus
2168 2237 2309 2284 erat.
2420 2230 2671 2288 Addidit
2717 2233 3021 2305 episcopus

915 2324 1153 2380 nomina
1221 2325 1547 2387 literarum,
1622 2334 1770 2398 quae
1817 2314 1957 2398 ipse
2003 2317 2156 2398 post
2192 2320 2420 2378 dicente
2467 2326 2735 2397 episcopo
2787 2338 3023 2397 respon·

917 2416 1099 2473 deret.
1170 2414 1419 2471 Addidit
1455 2421 1514 2470 et
1550 2415 1804 2485 syllabas
1829 2431 1897 2469 ac
1921 2414 2100 2468 verba
2134 2412 2383 2469 dicenda
2418 2415 2507 2470 illi
2542 2433 2877 2488 proponere.

990 2501 1069 2554 Et
1104 2517 1238 2555 cum
1275 2499 1339 2553 in
1375 2498 1641 2553 omnibus
1678 2502 2106 2568 consequenter
2140 2496 2538 2567 responderet,
2576 2502 2855 2573 proecepit
2889 2517 3023 2555 eum

917 2590 1234 2646 sententias
1257 2591 1550 2661 longiores
1565 2590 1774 2645 dicere.
1822 2590 1901 2644 Et
1924 2590 2066 2644 fecit
2090 2579 2186 2645 sic
2212 2604 2434 2660 :neque
2453 2590 2613 2645 ultra
2636 2592 2887 2647 cessavit
2902 2598 3026 2649 tota

919 2679 1015 2733 die
1050 2676 1154 2732 illa
1188 2683 1251 2732 et
1285 2684 1455 2732 nocte
1491 2683 1786 2746 sequente,
1817 2681 2104 2747 quantum
2142 2676 2389 2748 vigilare
2430 2678 2644 2748 potuit,
2673 2685 2741 2733 ut
2776 2661 3026 2732 ferunt-,²

918 2758 1019 2828 qui
1073 2763 1387 2827 praesentes
1423 2755 1603 2819 fuere,
1649 2754 1810 2825 loqui
1846 2754 2090 2826 aliquid,
2138 2761 2198 2810 et
2247 2772 2459 2810 arcana
2494 2774 2613 2811 suae
2650 2753 3024 2827 cogitationis

920 2855 989 2892 ac
1012 2838 1348 2903 voluntatis,
1396 2836 1550 2908 quod
1594 2853 1898 2906 nunquam
1939 2841 2112 2892 antea
2153 2838 2364 2908 potuit,
2407 2839 2539 2893 aliis
2579 2838 2911 2905 ostendere;
2963 2837 3025 2892 iu

922 2920 1366 2977 similitudinem
1402 2920 1565 2974 illius
1595 2920 1695 2974 diu
1741 2917 1934 2974 claudi
1972 2920 2074 2989 qui
2117 2925 2356 2975 curatus
2397 2922 2471 2975 ab
2514 2920 2812 2993 Apostolis
2853 2921 3027 2976 Petro

921 3010 983 3060 et
1017 3004 1057 3057 J
1058 3005 1301 3068 ohanne,
1341 3003 1586 3059 exiliens
1622 3002 1788 3058 stetit
1834 3008 1896 3057 et
1943 3002 2297 3070 ambulavit3
2361 3009 2424 3059 et
2456 3004 2704 3058 intravit
2738 3021 2873 3059 cum
2907 3003 3030 3058 illis

922 3089 986 3144 in
1007 3087 1314 3160 Templum
1338 3087 1664 3152 ambulans,
1693 3091 1753 3141 et
1776 3085 2023 3142 laudans
2050 3085 2368 3141 Dominum
2388 3108 2403 3152 3
2457 3086 2718 3158 gaudens
2741 3087 3027 3142 nimirum

920 3172 1009 3228 uti
1059 3170 1244 3226 officio
1302 3169 1536 3243 pedum,
1575 3186 1690 3240 quo
1724 3175 1889 3225 tanto
1936 3174 2062 3226 erat
2117 3174 2377 3242 tempore
2423 3169 2757 3226 destitutus,
2851 3171 3031 3245 Cujus

921 3254 1160 3316 sanitati
1195 3253 1566 3325 congaudens
1601 3252 1924 3326 episcopus,
1949 3251 2229 3324 praecepit
2261 3253 2512 3320 medice,
2538 3253 2718 3309 etiam
2754 3255 3028 3311 sanandaee

926 3337 1252 3394 scabredini
1286 3337 1495 3410 capitis
1530 3337 1658 3408 ejus
1694 3354 1896 3392 curam
1931 3336 2224 3392 adhibere.

997 3434 1164 3490 Fecit
1199 3441 1266 3490 ut
1291 3433 1567 3505 jusserat,
1604 3437 1666 3487 et
1712 3432 1958 3504 juvante
1995 3430 2399 3489 benedictione
2444 3450 2514 3489 ac
2548 3435 2819 3507 precibus
2855 3436 3035 3491 antis-

925 3515 1068 3578 titis,
1107 3518 1246 3568 nata
1281 3516 1391 3578 est,
1426 3528 1562 3567 cum
1600 3511 1850 3567 sanitate
1901 3511 2072 3575 cutis,
2111 3524 2288 3569 nova
2374 3520 2751 3592 venustaque
2807 3515 3030 3586 species

925 3600 1287 3671 capillorum,
1329 3600 1638 3670 factusque
1686 3604 1777 3655 est
1821 3596 2053 3668 juvenis
2090 3605 2151 3654 et
2199 3599 2430 3670 loquela
2465 3611 2765 3674 promptus
2800 3599 2870 3658 et
2904 3602 3036 3658 lim·

925 3680 1282 3761 pidissimus
1315 3686 1508 3753 vultu,
1567 3685 1951 3762 capillisque
1996 3677 2493 3762 pulcherrimUS,
2535 3688 2637 3760 qui
2672 3698 2807 3745 ante
2844 3691 3035 3745 fuerat

926 3769 1227 3832 deformis,
1280 3783 1505 3838 pauper
1539 3769 1601 3820 et
1635 3769 1854 3821 mutus.
1930 3765 2142 3837 Sicque
2190 3767 2263 3822 de
2298 3771 2574 3839 percepta
2623 3767 2857 3824 laetatus
2916 3786 3035 3823 sos·

924 3853 1129 3925 pitate,
1169 3850 1451 3907 offerente
1486 3848 1666 3904 etiam
1702 3848 1757 3903 ei
1806 3849 2077 3921 episcopo
2113 3856 2181 3905 ut
2215 3849 2278 3904 in
2330 3867 2437 3905 sua
2487 3850 2712 3906 familia
2763 3850 3038 3907 manendi

922 3944 1119 4001 locum
1153 3942 1462 4013 acciperet,
1499 3932 1615 3998 sed
1650 3940 1844 4012 magis
1880 3939 2117 3996 domum
2152 3958 2417 3998 reversus
2453 3946 2560 3998 est.

1732 4189 2018 4277 [Lsc'no
2079 4189 2237 4278 ΙΙΙ.]

874 4383 888 4397 .
1000 4345 1281 4403 Narravit
1351 4343 1507 4399 idem
1580 4333 1917 4398 Bertunus
1976 4346 2037 4396 et
2110 4340 2273 4396 aliud
2343 4340 2416 4397 de
2487 4342 2732 4415 praefato
2780 4341 3041 4399 antistite

929 4425 1294 4481 miraculum.
1413 4421 1563 4491 Quia
1621 4439 1755 4477 cum
1816 4418 2330 4475 reverentissimus
2391 4419 2485 4476 vir
2544 4420 2851 4477 wilfridus
2910 4427 3043 4494 post

925 4508 1170 4579 longum
1226 4505 1465 4562 exilium
1525 4505 1588 4560 in
1647 4505 1988 4577 episcopatu
2046 4508 2201 4559 esset
2257 4502 2751 4574 Hagustaldensis
2785 4503 3042 4560 ecclesiae

1545 4621 1634 4628 --...-

996 4686 1012 4719 ¹
1047 4684 1269 4751 verbum]
1312 4683 1486 4735 Dicito
1523 4683 1651 4743 Gae,
1672 4683 1814 4747 quod
1850 4689 1944 4742 est,
2107 4681 2130 4715 ²
2154 4681 2364 4747 serunt]
2396 4682 2569 4743 Beda;
2605 4680 2731 4743 fere,
2753 4682 2867 4734 MS.

926 4765 1107 4832 lingua
1120 4764 1423 4829 Anglorum,
1436 4762 1665 4822 verbum,
1677 4763 1769 4811 ins.
1787 4761 1944 4812 Beda.
