3600 5800
770 895 902 960 360
1244 908 1528 959 oman
1573 908 1667 959 ns
1712 906 2208 968 Pom-memus,
2255 906 2395 956 mo.

771 1103 942 1176 Ignis
978 1104 1125 1159 edax
1168 1094 1430 1161 culmen
1473 1101 1748 1182 raperet,
1794 1114 1916 1161 nec
1957 1094 2214 1160 viribus
2258 1092 2412 1160 ullis
2899 1094 3097 1175 gEneis,

766 1195 1098 1283 Extingui
1142 1196 1374 1275 valuit,
1422 1197 1628 1265 donec
1670 1197 1976 1265 incendia
2018 1200 2228 1264 totam
2899 1179 2952 1213 ¹¹·
2979 1167 3093 1214 ⁷⁵8‘

776 1298 1253 1386 consumpsere
1298 1300 1583 1380 domum,
1628 1301 1910 1366 nimium
1956 1322 2060 1367 res
2103 1300 2274 1366 mira
2315 1298 2432 1365 sed
2473 1304 2624 1368 acta
2666 1303 2779 1364 est.

777 1402 1055 1469 Pulvere
1100 1410 1420 1473 sacratam
1467 1410 1725 1492 postam
1772 1405 1970 1471 timet
2013 1404 2246 1491 igneus
2290 1403 2482 1470 ardor
2750 1402 2880 1466 350

777 1504 1088 1592 Tangere,
1136 1507 1247 1583 sed
1296 1507 1560 1593 penitus
1604 1506 1887 1574 flammis
1932 1506 2187 1574 intacta
2229 1505 2559 1572 remansit.

781 1607 932 1687 Qua
975 1608 1228 1676 virtuto
1273 1609 1540 1695 quidem
1584 1610 1730 1677 visa
1773 1616 2005 1696 stupor
2050 1609 2353 1675 omnibus
2399 1609 2629 1696 ingens

781 1708 1097 1777 Incubuit
1140 1711 1409 1793 statim}
1455 1718 1618 1780 tune
1661 1732 2039 1799 cognovere,
2088 1711 2264 1798 quod
2311 1710 2421 1776 1110

780 1812 1009 1878 Pulvis
1055 1820 1197 1882 erat
1242 1834 1422 1882 sacro
1468 1816 1639 1902 regis
1683 1836 1836 1882 cum
1881 1814 2200 1902 sanguine
2245 1812 2498 1880 mixtus

784 1915 1095 1995 Oswaldi,
1142 1918 1370 1982 multis
1415 1918 1633 1985 fuerat
1678 1919 1794 2004 qui
1843 1938 2042 1986 causa
2085 1917 2334 1983 salutis.
2753 1914 2838 1982 35
2845 1918 2882 1979 5

869 2020 1128 2087 Claruit
1171 2019 1277 2086 his
1322 2021 1525 2108 signis
1572 2027 1921 2108 postquam
1965 2022 2147 2088 locus
2195 2021 2319 2086 iste
2365 2019 2659 2107 peractis,
2910 2013 2990 2068 cf.
3009 2015 3178 2132 Reda,

785 2122 1089 2191 Ecclesiis
1136 2123 1387 2191 Christi
1422 2123 1718 2211 jocunda
1761 2130 1832 2191 et
1878 2125 2138 2194 reddita
2183 2146 2318 2212 pax
2363 2131 2478 2203 est,
2481 2122 2507 2163 ¹
2910 2098 2980 2133 m.
3074 2119 3087 2133 '

782 2224 983 2313 Regis
1029 2227 1334 2295 Edelredi
1379 2229 1610 2315 regina
1654 2227 2002 2295 osthfrida
2044 2228 2274 2306 fidelis,

787 2330 953 2412 Quae
998 2331 1130 2396 fuit
1175 2330 1467 2397 Oswaldi
1514 2331 1725 2398 sancti
1764 2331 1908 2416 jam
1955 2331 2095 2397 filia
2137 2331 2379 2407 fratris,

786 2433 1068 2500 Curavit
1111 2433 1321 2501 sancti
1366 2432 1564 2501 sacris
1608 2433 1920 2501 inducere
1966 2433 2160 2500 tectis
2182 2431 2208 2471 ²
2255 2458 2262 2463 ·
2761 2432 2890 2497 360

441 2536 495 2590 A
516 2534 611 2589 mi-
784 2534 1148 2621 Relquuias
1193 2535 1431 2622 patrui,
1479 2534 1811 2624 dignoque
1855 2537 2202 2603 recondere
2247 2534 2507 2602 honore.

441 2607 678 2737 uffhtms
784 2638 1058 2706 Ossibus
1103 2638 1323 2705 allatis
1377 2638 1638 2724 stupuit
1682 2634 2002 2706 miracula
2045 2637 2179 2704 late

445 2754 563 2789 ⁸00ss
588 2746 643 2789 αἱ
780 2742 1022 2809 Accola
1067 2742 1402 2820 Lindissae,
1449 2762 1741 2808 cernens
1763 2762 1962 2829 super
2005 2740 2120 2807 illa
2161 2739 2533 2808 columnam

440 2804 714 2924 Βωᾱξῗζρ
787 2847 953 2915 Ossa
996 2843 1127 2911 viri
1172 2844 1386 2912 sancti
1430 2842 1675 2910 summi
1721 2843 1808 2911 ad
1853 2840 2121 2930 fastigia
2164 2840 2307 2910 caeli

443 2940 617 3059 &2021
619 2940 681 3057 df
784 2949 1084 3014 Luminis
1128 2946 1399 3014 aetherei
1444 2952 1587 3014 tota
1631 2945 1985 3034 fulgescere
2030 2945 2883 3013 1100130365

784 3051 998 3137 Major
1040 3045 1376 3136 relliquias
1422 3071 1584 3137 quas
1628 3054 1791 3116 tunc
1834 3047 2025 3118 aulea
2067 3046 2420 3136 tegebat.

784 3154 961 3238 Narn
1008 3154 1237 3241 priscis
1284 3151 1453 3219 odiis
1497 3172 1827 3220 assumere
1873 3150 2181 3239 primitus
2228 3171 2372 3216 ossa

785 3257 999 3345 Inque
1043 3256 1515 3324 monasterium
1562 3255 1724 3322 saevi
1770 3251 2019 3321 deferre
2065 3259 2397 3342 negantes,

787 3353 1001 3425 Nocte
1045 3377 1310 3426 manere
1355 3357 1528 3424 foras
1572 3353 1691 3423 illa
1735 3356 1943 3426 fecere
1988 3355 2238 3436 colon13

486 3525 497 3538 ,
787 3460 919 3527 Sed
966 3462 1123 3527 dum
1169 3461 1403 3528 Divini
1450 3459 1770 3528 viderunt
1815 3459 2086 3525 luminis
2132 3460 2369 3547 ignem,
2765 3457 2895 3530 370

448 3559 515 3618 1¹1
537 3573 657 3618 00¹1-
788 3564 954 3645 Quae
999 3565 1182 3652 prius
1227 3563 1613 3642 abnuerant,
1662 3583 1882 3629 secum
1930 3564 2214 3630 retinere
2259 3559 2582 3651 rogabant
2614 3587 2630 3644 ;

448 3649 693 3750 Βοῗᾳζίῗξὲ
785 3668 1112 3753 Maneque
1156 3667 1488 3756 sarcofago
1532 3667 1887 3734 condentes
1928 3667 2070 3733 lota
2113 3673 2360 3754 param,

446 3766 681 3883 &gnare
788 3765 1095 3838 Eoelesiae
1141 3771 1435 3838 tulerant
1479 3787 1720 3856 magno
1766 3771 1893 3835 sub
1937 3769 2199 3836 culmen
2242 3769 2506 3851 honore,

446 3898 626 3951 inside.
786 3874 1079 3941 Divitias
1124 3874 1315 3940 terris
1361 3879 1664 3942 curantes
1710 3871 1986 3940 condere
2032 3874 2237 3942 vivas.

788 3977 873 4042 In
918 3999 1049 4064 quo
1093 3977 1307 4044 multa
1352 3975 1492 4043 loco
1536 3977 1711 4042 fiunt
1755 3989 1935 4044 nunc
1979 3993 2186 4064 usque
2233 3980 2497 4065 patroni
2766 3977 2892 4050 375

787 4080 894 4145 Ob
937 4081 1248 4147 meritum
1293 4081 1468 4146 tanti
1515 4079 1588 4144 in
1632 4079 2023 4166 languentes
2069 4080 2244 4148 dona
2287 4083 2536 4160 salutis,

787 4181 1048 4251 Sanctae
1093 4184 1150 4247 si
1196 4181 1351 4248 fidei
1397 4181 1610 4247 virtus
1656 4183 2009 4249 comitatur
2053 4181 2328 4252 eosdem.

788 4281 845 4351 E
891 4287 1129 4372 quibus
1173 4285 1297 4354 hoc
1341 4303 1548 4350 unum
1593 4279 1974 4372 properanti
2019 4289 2289 4375 tangere
2334 4285 2582 4377 plectro

795 4389 1069 4470 Sufficit,
1116 4393 1196 4455 ut
1240 4389 1467 4458 credas
1512 4387 1791 4455 devotus
1839 4387 2090 4470 caetera,
2137 4387 2358 4459 lector.

1258 4563 1359 4570 ψ·-
1434 4564 1473 4568 --
1674 4565 1685 4568 -
1724 4565 1767 4570 —
1792 4565 1976 4572 ἰ------.-

862 4661 877 4700 ²
903 4684 1017 4733 pax
1063 4663 1163 4734 est]
1217 4667 1413 4718 emend.
1451 4664 1489 4720 J
1492 4663 1622 4729 aff63
1658 4675 1797 4733 paee,
1892 4667 2045 4722 Oswi.
2113 4667 2226 4721 The
2266 4672 2412 4736 place
2449 4688 2552 4726 was
2574 4667 2816 4742 Bardney
2843 4630 2900 4727 111

793 4747 930 4810 MS„
953 4749 1098 4808 Gale,
1117 4749 1221 4797 and
1241 4745 1462 4800 Froben.
1892 4746 2268 4803 Lincolnshire.

856 4826 878 4860 2
956 4827 1021 4877 he
1068 4824 1187 4891 lady
1232 4841 1334 4877 was
1372 4843 1407 4876 a
1447 4828 1699 4892 daughter
1747 4826 1807 4878 of
