3600 5800
1382 887 1701 939 AUCTORE
1746 887 2092 939 munao.
2678 881 2805 945 169

705 1081 861 1152 erat,
916 1096 1038 1141 sua
1097 1075 1348 1141 scilicet
1406 1076 1773 1161 Anglorum
1838 1075 2022 1143 natio
2085 1077 2453 1143 interdixit.
2548 1079 2806 1165 Corpus

704 1184 926 1243 tamen
969 1177 1164 1244 occisi
1226 1177 1450 1242 debito
1494 1176 1740 1245 honore
1792 1177 2172 1257 tumulavit,
2220 1179 2444 1267 sicque
2488 1179 2803 1269 Angliam

704 1300 1009 1368 prospero
1053 1300 1249 1348 cursu
1292 1278 1653 1367 repedavit.

1279 1525 1291 1596 f
1386 1526 1831 1615 [CArrrULuu
1876 1526 2098 1615 VIII.]

792 1685 1070 1752 Praefuit
1114 1707 1190 1752 eo
1235 1690 1529 1772 tempore
1580 1686 1766 1772 genti
1824 1684 2510 1753 Nordanhimbrorum
2579 1688 2805 1755 Chris·
2830 1700 3042 1778 wilfi-qd
3064 1716 3142 1751 re-

704 1788 1109 1854 tianissimus
1153 1810 1274 1853 rex
1319 1787 1599 1863 oswius,
1664 1807 1994 1851 successor
2061 1787 2430 1852 beatissimi
2501 1791 2675 1875 regis
2741 1795 2810 1856 et
2831 1772 3111 1881 fflhffiff

703 1891 1015 1975 martyris
1081 1887 1414 1966 Oswaldi3
1483 1887 1600 1972 qui
1647 1886 1911 1954 Oswius
1958 1886 2173 1951 filium
2239 1910 2435 1953 suum
2471 1890 2805 1954 Alfridum
2831 1898 2965 1958 bria,
2981 1898 3145 1948 andis

704 1993 888 2077 regni
920 1991 1168 2055 socium
1198 1988 1325 2053 sibi
1356 1987 1719 2054 constituit.
1813 1986 2024 2052 Fuere
2055 1994 2279 2053 autem
2324 1991 2591 2075 utrique
2624 2013 2809 2077 reges
2833 1964 3105 2079 :mamea

704 2091 778 2154 in
824 2090 1205 2157 Christiana
1232 2089 1548 2175 religione
1591 2087 1937 2165 ferventeS,
1972 2090 2391 2155 ecclesiarum
2438 2092 2807 2178 diligentis·
2834 2102 2996 2145 court.

707 2191 855 2255 simi
901 2191 1199 2267 cultores,
1230 2195 1301 2254 et
1329 2188 1796 2255 catholicarum
1843 2190 2290 2256 doctrinarum
2346 2193 2808 2258 studiosissimi

705 2293 1054 2368 auditoreS,
1101 2297 1439 2368 amatores,
1503 2296 1871 2356 sectatores.
1965 2291 2136 2357 Cum
2195 2315 2347 2380 ergo
2412 2294 2645 2360 beatus
2705 2297 2813 2360 vir

705 2393 833 2458 Dei
880 2393 1225 2458 Wilfridus
1271 2392 1345 2456 in
1392 2392 1677 2479 patriam
1740 2398 1910 2458 esset
1958 2415 2274 2473 reversus,
2328 2395 2505 2461 fama
2569 2399 2809 2464 sancti-

706 2495 866 2560 tatis
910 2501 982 2560 et
1024 2495 1394 2581 prudentiae
1449 2495 1607 2580 ejus,
1639 2494 1819 2559 fama
1863 2494 2255 2581 eloquentiae
2301 2503 2371 2562 et
2413 2499 2810 2585 Apostolicae

705 2596 1020 2663 doctrinae
1065 2598 1224 2683 ejuS,
1288 2597 1795 2683 circumquaque
1856 2597 2026 2663 mira
2085 2599 2418 2665 celeritate
2472 2601 2811 2682 innotuit3

703 2719 958 2764 necnon
1001 2699 1089 2763 ad
1139 2720 1329 2763 aures
1389 2698 1858 2784 praedictorum
1918 2699 2293 2786 principum
2353 2702 2612 2788 ingenti
2658 2726 2808 2768 cum

704 2800 898 2865 laude
960 2801 1290 2886 processit.
1416 2799 1751 2865 Sanctitas
1821 2821 2080 2887 quoque
2145 2807 2215 2867 et
2279 2802 2557 2890 insignis
2625 2826 2809 2871 amor

710 2904 1254 2983 Christianitatis,
1324 2905 1440 2990 qui
1485 2926 1714 2991 regum
1779 2905 1977 2971 corda
2048 2906 2432 2994 repleverat,
2497 2909 2806 2975 notitiam

706 3008 933 3076 Sancti
977 3030 1397 3095 nequaquam
1441 3008 1668 3096 fugere
1713 3014 1991 3096 poterat.

794 3115 899 3179 Ex
941 3115 1067 3180 hoc
1105 3114 1305 3181 curiae
1350 3113 1522 3200 regis
1551 3114 1797 3178 Alfi-idi
1842 3120 2295 3199 praesentatus,
2333 3116 2622 3183 humane
2666 3142 2805 3185 sus-

705 3216 984 3302 cipitur3
1034 3215 1238 3292 brevi,
1288 3214 1467 3300 quod
1510 3220 1710 3280 antea
1754 3214 1893 3279 solo
1936 3215 2174 3280 auditu
2219 3217 2295 3280 in
2339 3238 2416 3281 eo
2460 3219 2805 3298 sciebatur,

704 3337 775 3381 re
817 3316 963 3402 ipsa
991 3315 1421 3401 cognoscitur,
1453 3319 1525 3378 et
1553 3335 1630 3378 eo
1659 3312 1868 3398 regali
1912 3315 2226 3380 amicitiae
2257 3315 2674 3382 familiariter
2703 3342 2804 3383 as-

705 3418 1006 3484 sociatur.
1096 3416 1401 3481 Probitas
1446 3414 1650 3480 etiam
1697 3414 2141 3500 integerrimae
2183 3417 2364 3494 vitae,
2395 3439 2596 3503 quam
2633 3419 2810 3485 fama

705 3520 917 3607 primo
981 3518 1390 3604 vulgaverat,
1454 3523 1524 3582 et
1576 3516 1866 3602 prudens
1928 3517 2331 3603 simplicitas,
2396 3521 2808 3608 simplexque

707 3618 1073 3705 prudentia,
1120 3638 1320 3703 quam
1351 3617 1425 3680 in
1469 3616 1584 3681 illo
1628 3615 1715 3681 ad
1762 3637 1988 3683 omnes
2018 3639 2168 3683 cum
2197 3618 2576 3688 humilitate
2622 3624 2806 3711 vige-

706 3721 886 3797 bant,
949 3740 1085 3784 non
1149 3717 1344 3784 modo
1409 3717 1567 3803 regi,
1607 3738 1843 3782 verum
1888 3723 1958 3783 et
2019 3720 2323 3786 omnibus
2386 3744 2537 3788 eum
2583 3747 2804 3792 carum

706 3820 1127 3885 exhibebant.
1219 3818 1457 3883 Tribus
1486 3839 1572 3883 ex
1601 3817 1726 3884 hoc
1768 3818 1964 3883 annis
2007 3821 2294 3907 regalem
2338 3825 2586 3891 curiam
2617 3827 2804 3905 fovit,
2831 3846 3038 3898 wilfrid

707 3928 777 3988 et
819 3922 1073 3987 virtute
1132 3920 1339 3986 animi
1397 3920 1698 4008 gratiam,
1744 3919 2039 4006 gloriam,
2085 3922 2399 3990 honorem
2460 3928 2588 3992 sibi
2633 3949 2807 3993 com-
2831 3921 2978 4028 ⁸³⁸ss
2995 3920 3050 4029 {¹}

705 4024 982 4113 paravit.
1091 4023 1289 4090 Unde
1335 4028 1405 4088 et
1449 4024 1628 4109 regio
1672 4044 1943 4088 munere
1987 4030 2222 4093 auctus
2267 4034 2406 4094 tam
2452 4030 2807 4095 mobilibus
2831 3994 2977 4095 ἕως,
3019 3996 3078 4030 or

707 4148 906 4212 quam
951 4132 1023 4192 et
1071 4125 1518 4191 immobilibus
1571 4146 1791 4190 rerum
1829 4126 2033 4204 bonis,
2084 4128 2286 4193 etiam
2332 4130 2509 4196 inter
2550 4133 2804 4200 anima-
2830 4126 2996 4174 μω·

706 4228 801 4293 les
854 4230 1152 4296 homines
1215 4227 1429 4293 clarus
1489 4231 1647 4292 erat.
1741 4225 1957 4313 Super
1999 4228 2142 4295 haec
2202 4251 2460 4317 quoque
2531 4235 2804 4321 Ripensi
2831 4256 2945 4307 'rho
2967 4257 3094 4324 king

706 4329 990 4407 ecclesia,
1036 4352 1187 4395 cum
1230 4329 1314 4395 iis
1345 4349 1494 4414 quae
1539 4328 1643 4393 sui
1681 4328 1855 4413 juris
1902 4330 2313 4409 exstiterant,
2347 4335 2549 4420 regali
2587 4339 2803 4403 muni-
2831 4324 3128 4441 ffivezhimh

706 4431 971 4496 ficentia
1029 4430 1310 4494 donatus
1356 4434 1470 4494 est.
1587 4429 1692 4493 Ex
1735 4451 1814 4494 eo
1857 4435 2082 4497 autem
2143 4454 2400 4501 summa
2443 4458 2601 4503 cura
2658 4462 2806 4526 pro-
2832 4407 3094 4523 ofelfipzffi

705 4533 994 4607 curabat,
1026 4538 1351 4616 quatenus
1396 4553 1551 4617 opes
1596 4553 1734 4596 suae
1779 4533 1992 4617 magis
2037 4536 2398 4602 transirent
2442 4538 2515 4602 in
2551 4540 2805 4608 victum

703 4632 1163 4720 indigentium,
1211 4652 1411 4716 quam
1472 4638 1768 4698 servaret
1811 4652 1921 4698 eas
1967 4655 2146 4700 more
2191 4656 2391 4704 avare
2435 4661 2590 4727 opes
2650 4665 2805 4710 suas

705 4738 1211 4808 recondentium.
