3600 5800
1232 844 1550 940 Auci-om:
1595 887 1810 938 nomo
1855 886 2229 939 sturmo
2696 867 2784 939 '79

693 1075 936 1163 synodo
979 1076 1065 1143 {sn
1108 1074 1377 1161 judicii
1418 1075 1559 1142 ecclc
1601 1074 2014 1153 constitutus,
2060 1081 2119 1143 ct
2169 1096 2301 1163 pro
2347 1073 2540 1142 omwi
2582 1074 2780 1161 aqua:-

695 1179 910 1245 lonal‘i
960 1185 1159 1266 parte
1204 1176 1627 1244 Bovzttanniae
1670 1184 1729 1243 ct
1777 1177 1856 1243 Η
1850 1177 2146 1255 ibcmioe,
2192 1176 2589 1264 mentisque,
2636 1197 2785 1262 quae

689 1280 769 1349 ab
843 1280 1232 1367 Anyloomm
1304 1287 1363 1346 ct
1430 1278 1842 1355 Bovzttonuan,
1917 1300 2178 1345 ‘necnon
2261 1278 2637 1345 Scottovmm
2726 1284 2785 1343 ct

687 1382 1037 1453 Pictorwm
1107 1381 1414 1468 ycnbibuc
1485 1379 1886 1460 colebantur,
1959 1402 2189 1447 vcrwm
2260 1386 2319 1447 ct
2392 1378 2787 1446 catholicam

689 1485 1015 1572 censeam
1041 1484 1272 1570 fidem,
1320 1490 1380 1549 ct
1424 1503 1581 1550 cwm
1625 1482 2105 1570 mbaeriptione
2148 1504 2277 1551 sua
2321 1480 2781 1549 cwoboravit.

756 1587 1009 1672 ,Itaque
1079 1606 1209 1672 quo
1275 1584 1505 1650 audito
1571 1605 1796 1649 omnes
1863 1584 2040 1650 cives
2109 1584 2390 1649 Romani
2453 1584 2783 1670 sapientes
2806 1593 3069 1672 Bpnime,

688 1689 1035 1776 stupefacti
1081 1693 1254 1755 sunt.
1347 1687 1533 1753 Tunc
1578 1685 1975 1765 Bonifacius,
2023 1692 2093 1752 et
2137 1686 2514 1764 Sizentius,¹
2544 1692 2614 1752 et
2666 1686 2780 1752 alii
2809 1661 3122 1789 {nffiessttiffggfl'

686 1791 1002 1868 nonnulli,
1050 1790 1167 1875 qui
1214 1810 1364 1855 eum
1411 1789 1484 1852 in
1529 1787 1762 1853 diebus
1792 1787 2005 1854 beatae
2050 1788 2382 1853 memoriae
2411 1787 2782 1874 Agathonis
2807 1792 3018 1871 ideptigy

687 1896 1107 1979 agnoscentes
1151 1890 1480 1968 viderunt,
1549 1888 1858 1955 dicebant
1922 1888 2126 1953 istum
2195 1909 2332 1953 esse
2392 1893 2782 1975 praesentem
2807 1859 3028 1911 wnfnd.

687 1994 826 2059 Deo
870 1993 1220 2059 amabilem
1267 1991 1683 2058 Wilfrithum
1715 1990 2108 2076 episcopum,
2135 2011 2335 2079 ‘quem
2366 1990 2783 2057 beatissimus

688 2097 949 2183 Agatho
994 2095 1414 2181 purificatum
1461 2095 1542 2160 de
1573 2093 2061 2160 accusatoribus
2078 2090 2104 2131 Β
2133 2093 2517 2179 Apostolica
2560 2099 2781 2159 aucto-

688 2197 882 2263 ritate
927 2196 1303 2264 absolutum
1364 2196 1522 2261 olim
1590 2197 1676 2262 ad
1742 2195 2009 2282 propria
2051 2195 2346 2261 remisit&
2415 2201 2484 2261 et
2543 2196 2783 2260 iterum

687 2322 877 2380 nunc,
906 2322 1027 2378 vae,
1060 2321 1178 2385 pro
1224 2300 1446 2365 dolor!
1491 2299 1949 2363 infestatorum
1997 2297 2256 2363 insidiae
2287 2299 2656 2364 exorbitare
2703 2299 2785 2363 de

659 2404 952 2496 ’propria
1025 2404 1176 2467 sede
1251 2402 1562 2468 fecerunt.
1679 2401 1812 2482 Qui
1879 2423 1996 2488 per
2058 2402 2498 2488 quadraginta
2571 2408 2641 2468 et
2708 2424 2785 2467 eo

689 2506 968 2592 amplius
1020 2525 1227 2570 annos
1295 2505 1705 2591 episcopatus
1769 2502 1981 2569 officia
2046 2504 2460 2590 fungebatur,
2509 2510 2578 2569 et
2644 2509 2783 2568 tam

691 2607 1136 2674 honorabilem
1210 2627 1432 2671 senem
1509 2628 1657 2672 cum
1726 2605 2040 2670 fratribus
2117 2606 2603 2691 venerabilibus
2678 2629 2782 2673 ac-

690 2714 1014 2775 cusatores
1058 2707 1340 2775 falsidici
1364 2732 1382 2788 ;
1425 2713 1495 2773 et
1523 2729 1673 2773 cum
1704 2707 2218 2794 pseudographis
2258 2709 2490 2774 audaci
2524 2710 2781 2773 temeri-

693 2816 845 2889 tate,
894 2816 977 2889 et,
1012 2816 1090 2875 ut
1133 2810 1232 2875 ita
1275 2810 1505 2889 dicam,
1536 2831 1711 2875 unus
1756 2810 2069 2876 diaconus
2115 2816 2185 2877 et
2227 2811 2344 2877 alii
2390 2833 2615 2878 omnes
2644 2812 2784 2877 sine

691 2915 909 3000 aliquo
995 2913 1444 2980 ecclesiasticae
1539 2912 1885 2997 dignitatis
1983 2913 2208 2999 gradu,
2287 2914 2358 2978 in
2455 2922 2786 2981 conventu

691 3014 1085 3101 Apostolicae
1156 3014 1329 3079 sedis
1374 3013 1992 3080 excellentissimam
2038 3036 2382 3100 personam
2438 3017 2582 3082 ausi
2628 3021 2788 3081 sunt

692 3135 1005 3181 accusare.
1100 3113 1189 3178 Et
1218 3114 1367 3180 ideo
1413 3114 1598 3201 digni
1645 3120 1804 3179 sunt
1848 3135 2078 3201 poenas
2124 3115 2320 3194 luere,
2347 3117 2425 3180 in
2469 3117 2605 3182 ima
2649 3137 2785 3182 car-

693 3220 851 3284 ceris
914 3217 1223 3304 angustia
1285 3239 1493 3303 usque
1559 3218 1647 3283 ad
1708 3217 1909 3282 finem
1976 3219 2207 3285 mortis
2275 3221 2603 3286 macerati.
2693 3215 2786 3285 Et

694 3326 850 3385 tunc
893 3320 1023 3384 viri
1071 3319 1354 3383 Romani
1399 3340 1631 3383 verum
1677 3340 1785 3384 eos
1833 3320 2077 3385 dixisse
2123 3319 2554 3387 affirmabant.
2703 3305 2714 3328 ⁸

778 3409 974 3490 Di'xit
1039 3427 1263 3487 autem
1328 3420 1746 3486 beatissimus
1790 3421 1837 3486 ,J
1839 3421 2129 3487 ohannes
2173 3422 2569 3508 Apostolicae
2616 3422 2787 3488 sedis
2812 3438 2924 3489 'rho
2944 3440 3092 3503 papal

694 3543 898 3609 papa:
932 3532 965 3558 “
985 3523 1230 3588 Beatus
1255 3520 1648 3600 Wilfrithus,
1669 3520 1812 3587 Deo
1848 3522 2148 3588 amabilis
2179 3524 2533 3610 episcopus,
2555 3525 2627 3590 in
2657 3547 2787 3611 quo
2813 3506 3124 3621 ῗξξῗξεῗοί.

698 3632 728 3657 “
770 3624 1021 3690 nullam
1044 3622 1335 3690 criminis
1356 3645 1474 3709 per
1502 3628 1608 3688 tot
1637 3622 2070 3689 conciliabula
2097 3630 2322 3690 nostra
2352 3628 2788 3695 examinando
2814 3636 3036 3690 Wilffid.

699 3732 730 3758 “
775 3731 911 3790 tam
987 3725 1341 3812 diligenter
1399 3725 1836 3810 objectionem
1905 3725 2298 3803 invenimus,
2346 3727 2539 3794 Beati
2607 3727 2788 3795 Petri

700 3834 731 3859 “
775 3826 1070 3913 Apostoli
1101 3832 1171 3891 et
1187 3825 1652 3912 Apostolorum
1677 3825 1992 3911 principis
2016 3827 2424 3907 auctoritate,
2449 3830 2565 3915 qui
2588 3830 2791 3895 habet

699 3935 728 3960 “
770 3933 1160 4013 potestatem
1228 3926 1529 3992 solvendi
1586 3925 1967 4013 ligandique
2034 3927 2120 3992 ab
2181 3928 2453 3995 occultis
2517 3930 2790 4008 delictis,

700 4037 731 4062 “
775 4030 1147 4096 exsolutum
1191 4029 1371 4095 sciat.
1465 4027 1557 4093 Et
1600 4027 1776 4113 quod
1824 4028 2059 4094 beatus
2105 4028 2386 4117 Agatho,
2435 4037 2503 4096 et
2547 4031 2793 4098 electus

701 4138 732 4162 “
775 4130 1184 4208 BenedictuS,
1215 4135 1608 4213 sanctusque
1651 4127 1935 4216 SergiuS,
1967 4129 2364 4216 Apostolicae
2408 4132 2583 4197 sedis
2626 4155 2792 4218 prae-

702 4240 731 4264 “
775 4232 961 4312 suleS,
982 4231 1063 4296 de
1093 4254 1170 4297 eo
1199 4236 1613 4310 censuerunt,
1633 4238 1876 4298 nostrae
1907 4251 2165 4317 quoque
2196 4233 2548 4320 parvitatis
2576 4234 2793 4299 humi-

1796 4410 2164 4419 ---——.-—-—-
2199 4415 2264 4419 „—

1791 4510 2081 4573 Ciaconius,
2104 4511 2137 4562 ἱ.
2154 4514 2364 4576 497-8.)
2410 4513 2517 4565 But
2541 4514 2626 4566 the
2648 4531 2795 4568 name

1791 4604 1894 4639 was
1918 4604 1949 4639 a
1970 4604 2201 4644 common
2225 4606 2335 4641 one.

1859 4667 1882 4700 ²
1914 4667 2327 4736 accusatoribus]
2380 4674 2797 4735 accusationibus,

1797 4747 1868 4798 A.

766 4546 781 4578 ¹
820 4509 1097 4610 Sizentius]
1149 4546 1200 4597 It
1237 4545 1281 4596 ie
1325 4546 1546 4610 possible
1588 4549 1701 4599 that

703 4624 799 4675 this
818 4627 862 4676 is
883 4625 969 4676 the
992 4639 1170 4688 person
1196 4626 1312 4675 who
1336 4641 1438 4675 was
1468 4641 1598 4691 pope
1622 4627 1702 4676 for

704 4718 733 4753 a
754 4703 849 4754 few
871 4705 1037 4755 weeks
1077 4703 1128 4753 in
1171 4707 1283 4754 708.
1355 4704 1537 4767 (sam,
1565 4708 1655 4755 173
1684 4726 1698 4765 ς
