3600 5800
859 835 989 898 406
1501 844 1665 893 vrrA
1710 845 1951 894 simon
1998 845 2323 905 oswALD1‚

858 1033 1145 1121 pristina
1188 1031 1479 1097 sanitate
1524 1036 1836 1117 percepta
1881 1032 2189 1109 surrexit,
2235 1036 2305 1096 et
2368 1031 2498 1097 iter
2543 1051 2740 1097 suum
2784 1051 2966 1117 pros-

858 1156 1012 1221 pere
1057 1133 1370 1221 perrexit,
1415 1134 1734 1219 venitque
1778 1134 2077 1219 gaudens
2122 1133 2210 1198 ad
2255 1132 2473 1201 locum
2541 1132 2969 1219 concupitum

859 1237 1200 1303 Romuleae
1244 1236 1442 1301 urbis.
1538 1236 1895 1323 Explicitis
1939 1235 2370 1314 orationibus,
2416 1242 2487 1303 et
2530 1236 2806 1301 tributis
2836 1234 2967 1320 piis

860 1338 1249 1416 elemosinis,
1296 1339 1544 1403 reversi
1589 1343 1766 1420 sunt,
1813 1338 2064 1424 gratias
2108 1338 2460 1404 reddentes
2492 1337 2800 1414 Domine,
2832 1336 2966 1417 Qui

859 1440 955 1506 eis
1000 1439 1318 1507 concessit
1361 1439 1629 1526 propria
1672 1439 1916 1505 videre.

946 1541 1307 1609 Venientes
1368 1542 1455 1607 ad
1523 1541 1945 1627 praesentiam
2006 1541 2197 1628 regis,
2242 1539 2523 1627 gloriose
2567 1542 2656 1607 ab
2699 1561 2777 1606 eo
2821 1561 2965 1605 sus-

857 1645 1035 1731 eepti
1081 1650 1258 1725 sunt,
1291 1644 1603 1730 quoniam
1649 1644 1762 1708 ille
1809 1643 2127 1729 providus
2172 1643 2364 1708 miles
2409 1665 2561 1708 eum
2605 1664 2725 1729 pro
2759 1642 2965 1707 fratoe

857 1747 1164 1825 habebat,
1198 1746 1509 1833 quoniam
1541 1767 1659 1830 pro
1690 1745 2009 1811 miraculo
2054 1745 2230 1811 facto
2259 1745 2598 1811 intellexit
2626 1766 2781 1811 eum
2824 1743 2965 1809 fore

521 1859 606 1910 On
627 1859 708 1910 his
858 1872 1122 1915 servum
1168 1848 1313 1915 Dei.
1405 1847 1705 1913 Audiens
1749 1847 1893 1914 haec
1937 1869 2057 1912 rex
2102 1868 2252 1933 quae
2296 1847 2373 1912 in
2415 1847 2530 1912 via
2570 1851 2758 1934 gesta
2785 1851 2962 1923 sunt,

520 1927 835 2044 {gffiss‘b
857 1952 1016 2019 iniit
1059 1957 1211 2038 post
1254 1951 1397 2018 haec
1442 1951 1791 2018 consilium
1861 1971 2011 2016 cum
2057 1951 2231 2030 suis;
2299 1955 2371 2018 et
2433 1950 2636 2036 elegit
2678 1971 2831 2015 eum
2875 1950 2962 2015 ad

518 2057 717 2125 bishop.
855 2054 1361 2143 gubernandum
1422 2053 1876 2140 episcopatum
1941 2052 2119 2138 quod
2181 2058 2287 2118 est
2330 2053 2674 2139 provincia
2717 2051 2964 2118 Wiltu-

856 2159 1072 2224 niensi
1135 2157 1425 2224 civitate.
1539 2155 1978 2222 Consecratus
2022 2175 2182 2221 vero
2247 2161 2317 2221 et
2376 2155 2695 2222 cathedra
2756 2155 2962 2220 subli-

857 2266 1095 2342 matus,
1142 2280 1343 2347 quam
1405 2258 1765 2345 gloriosum
1829 2257 2295 2324 habitaculum
2342 2263 2412 2324 et
2474 2258 2751 2345 dignum
2796 2262 2964 2323 tem-

854 2362 1041 2449 plum
1071 2361 1214 2427 Deo
1260 2360 1564 2447 praebuit,
1596 2358 1746 2446 quis
1779 2358 2025 2445 poterit
2069 2358 2269 2445 digne
2315 2360 2758 2444 perscrutari?
2851 2358 2962 2425 Sic

854 2486 976 2532 sua
1050 2464 1373 2550 duplicari
1432 2463 1779 2548 satagebat
1853 2462 2051 2527 beata
2125 2460 2381 2527 talenta
2442 2461 2605 2540 Deo,
2650 2466 2747 2539 ut,
2822 2483 2959 2526 non

853 2565 1066 2632 solum
1112 2564 1516 2631 tricesimum
1562 2570 1684 2628 aut
1727 2562 2227 2650 sexagesimum,
2274 2563 2389 2629 sed
2435 2563 2638 2629 etiam
2683 2563 2958 2629 centesi-

854 2689 1039 2732 mum
1082 2667 1368 2732 deferret
1410 2670 1755 2753 gratanter
1798 2665 2095 2750 opimum
2140 2664 2446 2731 fructum.

516 2767 833 2884 Sffssgsaster·
947 2769 1241 2836 Excurso
1333 2766 1643 2854 perparvi
1716 2767 1918 2852 spatii
2006 2774 2317 2854 tempore,
2410 2767 2760 2834 defunctus
2858 2771 2961 2833 est

517 2852 793 2953 gamm&
855 2869 1383 2957 archiepiscopus
1457 2867 1981 2934 Dorovernensis
2057 2868 2372 2949 eivitati8‚
2434 2869 2523 2936 ad
2597 2890 2795 2955 quam
2840 2891 2959 2936 rex

515 2977 570 3084 ξ’
596 2967 810 3021 Caum·
854 2973 1191 3060 praefatuS,
1266 2993 1416 3038 cum
1479 2991 1802 3037 consensu
1878 2991 2146 3036 suorum
2222 2970 2612 3059 principum,
2660 2971 2959 3037 Odonem

552 3048 660 3100 ω’
853 3076 1146 3155 remisit3
1191 3095 1387 3160 quem
1456 3072 1809 3139 constituit
1888 3094 2090 3158 supra
2133 3072 2454 3138 familiam
2522 3072 2793 3139 Domini
2839 3074 2961 3152 sui,

858 3183 940 3244 ut
1001 3198 1148 3242 eam
1224 3180 1601 3263 protegeret
1675 3174 2031 3259 imperiosa
2104 3175 2518 3253 auctoritate,
2565 3180 2634 3239 et
2706 3182 2964 3261 regeret

851 3278 1236 3365 Apostolica
1308 3277 1804 3364 gubernatione.
1945 3274 2303 3361 Postquam
2378 3281 2602 3341 autem
2678 3275 2962 3342 eximius

851 3387 1079 3467 pastor
1120 3401 1404 3467 gregem,
1434 3384 1504 3445 et
1547 3379 1859 3464 regimen,
1906 3384 2312 3464 stemamque
2342 3375 2366 3415 ¹
2412 3378 2714 3464 suscepit,
2761 3400 2961 3464 quam

851 3484 1120 3561 bonum,
1182 3503 1382 3569 quam
1445 3480 1697 3560 mitem,
1767 3501 2100 3565 quamque
2175 3479 2815 3567 irreprehensibilem
2891 3504 2961 3547 se

853 3584 1179 3663 exhibuit,
1226 3604 1420 3649 nemo
1484 3587 1586 3647 est
1654 3588 1794 3648 tam
1859 3582 2115 3647 urbana
2176 3581 2488 3648 facundia
2547 3581 2815 3662 facetus,
2879 3589 2960 3649 ut

853 3707 1061 3771 spero,
1107 3686 1223 3772 qui
1269 3689 1512 3751 cuncta
1556 3684 1766 3769 ipsius
1831 3683 2012 3750 dicta
2053 3681 2163 3748 vel
2209 3683 2387 3751 facta
2447 3688 2668 3770 posset
2713 3691 2958 3752 morta·

852 3787 1030 3854 libus
1118 3787 1507 3854 renuntiari.

514 3892 754 3957 Descrip-
944 3810 1247 3969 Qualilam
1293 3888 1400 3953 die
1446 3887 1606 3952 dum
1651 3885 2019 3973 pontificali
2065 3908 2244 3953 more
2298 3886 2514 3953 divini
2566 3890 2958 3955 sacramenti

512 3957 752 4075 &232⁸
854 3992 1058 4080 digna
1099 3990 1470 4056 ministeria
1499 4010 1740 4076 magno
1771 3988 1942 4075 Regi
1972 3989 2389 4075 persolveret,
2419 4000 2491 4055 et
2532 3996 2778 4057 secrete
2808 4013 2957 4057 cum

514 4090 684 4141 *ΜΝ
701 4092 772 4207 ¹¹²0
852 4096 989 4161 suis
1032 4093 1299 4182 gloriosi
1329 4092 1508 4179 Agni
1553 4090 1900 4158 Paschales
1945 4091 2172 4177 epulas
2217 4091 2590 4170 celebraret,
2636 4092 2759 4159 tali
2804 4114 2959 4158 eum

513 4171 775 4287 ζτῗιῑζέὼ
852 4217 1174 4283 supernus
1218 4195 1452 4282 Agnus
1496 4191 1815 4260 miraculo
1859 4199 1961 4258 est
2008 4193 2327 4260 consolari
2380 4194 2707 4280 dignatus.
2799 4195 2959 4261 Post

512 4288 601 4403 ἔξω
625 4289 766 4354 Holy
853 4299 1066 4364 sancti
1112 4295 1460 4382 Evangelii
1512 4294 1984 4371 recitationem,
2032 4300 2103 4360 et
2144 4295 2381 4361 Divini
2441 4297 2731 4361 muneris
2776 4296 2956 4361 obla—

511 4370 694 4470 affirm
696 4371 752 4405 u·
852 4401 1118 4476 tionem,
1194 4403 1264 4463 et
1336 4397 1667 4463 interioris
1733 4396 2023 4461 hominis
2096 4398 2681 4483 compunctionem,
2756 4403 2957 4483 atque

849 4499 1234 4587 lacrymulis
1291 4498 1603 4584 lacrymis
1648 4498 2052 4576 effusionem,
2116 4520 2316 4584 quam
2375 4499 2672 4586 plerique
2733 4500 2957 4566 fideles

1551 4728 1564 4760 ¹
1604 4730 1700 4778 See
1723 4729 1986 4795 Dueange,
2009 4727 2097 4777 sub
2122 4745 2249 4777 voce.
