<?xml version="1.0" encoding="UTF-8"?>
<!DOCTYPE html PUBLIC "-//W3C//DTD XHTML 1.0 Transitional//EN"
    "http://www.w3.org/TR/xhtml1/DTD/xhtml1-transitional.dtd">
<html xmlns="http://www.w3.org/1999/xhtml" xml:lang="en" lang="en">
 <head>
  <title>
</title>
<meta http-equiv="Content-Type" content="text/html;charset=utf-8" />
  <meta name='ocr-system' content='tesseract 3.04.00' />
  <meta name='ocr-capabilities' content='ocr_page ocr_carea ocr_par ocr_line ocrx_word'/>
</head>
<body>
  <div class='ocr_page' id='page_1' title='image "./historianschurc01raingoog_0414.png"; bbox 0 0 3600 5800; ppageno 0'>
   <div class='ocr_carea' id='block_1_1' title="bbox 426 2814 716 3274">
    <p class='ocr_par' dir='ltr' id='par_1_1' title="bbox 426 2814 716 3274">
     <span class='ocr_line' id='line_1_1' title="bbox 426 2814 624 2876; baseline -0.01 -13"><span class='ocrx_word' id='word_1_1' title='bbox 426 2814 475 2863; x_wconf 81' lang='lat' dir='ltr'>A</span> <span class='ocrx_word' id='word_1_2' title='bbox 500 2826 624 2876; x_wconf 81' lang='lat' dir='ltr'><strong>poor</strong></span> 
     </span>
     <span class='ocr_line' id='line_1_2' title="bbox 430 2878 672 2929; baseline 0 -1"><span class='ocrx_word' id='word_1_3' title='bbox 430 2878 672 2929; x_wconf 73' lang='lat' dir='ltr'><strong>woman’s</strong></span> 
     </span>
     <span class='ocr_line' id='line_1_3' title="bbox 427 2945 716 2995; baseline -0.007 0"><span class='ocrx_word' id='word_1_4' title='bbox 427 2961 518 2995; x_wconf 83' lang='lat' dir='ltr'><strong>son</strong></span> <span class='ocrx_word' id='word_1_5' title='bbox 542 2953 595 2994; x_wconf 85' lang='lat' dir='ltr'><strong>at</strong></span> <span class='ocrx_word' id='word_1_6' title='bbox 616 2945 716 2994; x_wconf 90' lang='lat' dir='ltr'><strong>Be·</strong></span> 
     </span>
     <span class='ocr_line' id='line_1_4' title="bbox 430 3011 666 3075; baseline 0 -15"><span class='ocrx_word' id='word_1_7' title='bbox 430 3013 601 3075; x_wconf 76' lang='lat' dir='ltr'><strong>verley</strong></span> <span class='ocrx_word' id='word_1_8' title='bbox 624 3011 666 3060; x_wconf 84' lang='lat' dir='ltr'><strong>is</strong></span> 
     </span>
     <span class='ocr_line' id='line_1_5' title="bbox 427 3078 657 3127; baseline 0.004 -1"><span class='ocrx_word' id='word_1_9' title='bbox 427 3078 657 3127; x_wconf 83' lang='lat' dir='ltr'><strong>diseased</strong></span> 
     </span>
     <span class='ocr_line' id='line_1_6' title="bbox 428 3146 582 3196; baseline 0.006 -3"><span class='ocrx_word' id='word_1_10' title='bbox 428 3146 527 3196; x_wconf 83' lang='lat' dir='ltr'><strong>and</strong></span> <span class='ocrx_word' id='word_1_11' title='bbox 550 3161 582 3194; x_wconf 82' lang='lat' dir='ltr'><strong>a</strong></span> 
     </span>
     <span class='ocr_line' id='line_1_7' title="bbox 427 3210 627 3274; baseline -0.005 -13"><span class='ocrx_word' id='word_1_12' title='bbox 427 3210 627 3274; x_wconf 83' lang='lat' dir='ltr'><strong>cripple.</strong></span> 
     </span>
    </p>
   </div>
   <div class='ocr_carea' id='block_1_2' title="bbox 430 3517 723 3699">
    <p class='ocr_par' dir='ltr' id='par_1_2' title="bbox 430 3517 723 3699">
     <span class='ocr_line' id='line_1_8' title="bbox 430 3517 723 3582; baseline -0.003 -15"><span class='ocrx_word' id='word_1_13' title='bbox 430 3517 484 3567; x_wconf 79' lang='lat' dir='ltr'>A</span> <span class='ocrx_word' id='word_1_14' title='bbox 505 3517 723 3582; x_wconf 83' lang='lat' dir='ltr'><strong>descrip-</strong></span> 
     </span>
     <span class='ocr_line' id='line_1_9' title="bbox 430 3583 718 3633; baseline 0.003 -2"><span class='ocrx_word' id='word_1_15' title='bbox 430 3583 539 3632; x_wconf 88' lang='lat' dir='ltr'><strong>tion</strong></span> <span class='ocrx_word' id='word_1_16' title='bbox 562 3585 625 3632; x_wconf 62' lang='grc' dir='ltr'><strong>οἱ·</strong></span> <span class='ocrx_word' id='word_1_17' title='bbox 638 3584 718 3633; x_wconf 84' lang='lat' dir='ltr'><strong>his</strong></span> 
     </span>
     <span class='ocr_line' id='line_1_10' title="bbox 430 3649 700 3699; baseline 0.004 -1"><span class='ocrx_word' id='word_1_18' title='bbox 430 3649 700 3699; x_wconf 80' lang='lat' dir='ltr'><strong>condition.</strong></span> 
     </span>
    </p>
   </div>
   <div class='ocr_carea' id='block_1_3' title="bbox 762 786 2188 926">
    <p class='ocr_par' dir='ltr' id='par_1_3' title="bbox 762 786 2188 926">
     <span class='ocr_line' id='line_1_11' title="bbox 762 786 2188 926; baseline 0.004 -40"><span class='ocrx_word' id='word_1_19' title='bbox 762 824 895 921; x_wconf 79' lang='lat'><strong>330</strong></span> <span class='ocrx_word' id='word_1_20' title='bbox 1518 838 1681 888; x_wconf 68' lang='lat' dir='ltr'><strong>Am</strong></span> <span class='ocrx_word' id='word_1_21' title='bbox 1726 840 2086 891; x_wconf 61' lang='lat' dir='ltr'><strong>naucum</strong></span> <span class='ocrx_word' id='word_1_22' title='bbox 2165 786 2188 926; x_wconf 90' lang='grc' dir='ltr'><strong> </strong></span> 
     </span>
    </p>
   </div>
   <div class='ocr_carea' id='block_1_4' title="bbox 756 1024 2867 2330">
    <p class='ocr_par' dir='ltr' id='par_1_4' title="bbox 756 1024 2867 2330">
     <span class='ocr_line' id='line_1_12' title="bbox 762 1024 2859 1114; baseline 0.004 -27"><span class='ocrx_word' id='word_1_23' title='bbox 762 1024 986 1110; x_wconf 89' lang='lat' dir='ltr'><strong>populi</strong></span> <span class='ocrx_word' id='word_1_24' title='bbox 1032 1026 1461 1091; x_wconf 89' lang='lat' dir='ltr'><strong>multitudine</strong></span> <span class='ocrx_word' id='word_1_25' title='bbox 1508 1034 1700 1092; x_wconf 85' lang='lat' dir='ltr'><strong>extra</strong></span> <span class='ocrx_word' id='word_1_26' title='bbox 1734 1028 2073 1093; x_wconf 88' lang='lat' dir='ltr'><strong>ecclesiam</strong></span> <span class='ocrx_word' id='word_1_27' title='bbox 2116 1029 2682 1114; x_wconf 70' lang='lat' dir='ltr'><strong>repraesentationi</strong></span> <span class='ocrx_word' id='word_1_28' title='bbox 2726 1052 2859 1096; x_wconf 90' lang='lat' dir='ltr'><strong>non</strong></span> 
     </span>
     <span class='ocr_line' id='line_1_13' title="bbox 760 1128 2860 1212; baseline 0.001 -20"><span class='ocrx_word' id='word_1_29' title='bbox 760 1133 1065 1212; x_wconf 88' lang='lat' dir='ltr'><strong>poterant</strong></span> <span class='ocrx_word' id='word_1_30' title='bbox 1128 1128 1473 1205; x_wconf 70' lang='lat' dir='ltr'><strong>interesse„</strong></span> <span class='ocrx_word' id='word_1_31' title='bbox 1540 1129 1910 1194; x_wconf 89' lang='lat' dir='ltr'><strong>mirabilius</strong></span> <span class='ocrx_word' id='word_1_32' title='bbox 1994 1131 2300 1195; x_wconf 86' lang='lat' dir='ltr'><strong>viderent</strong></span> <span class='ocrx_word' id='word_1_33' title='bbox 2373 1132 2860 1197; x_wconf 87' lang='lat' dir='ltr'><strong>resurrectionis</strong></span> 
     </span>
     <span class='ocr_line' id='line_1_14' title="bbox 759 1220 2862 1315; baseline 0.004 -24"><span class='ocrx_word' id='word_1_34' title='bbox 759 1229 1076 1293; x_wconf 89' lang='lat' dir='ltr'><strong>indicium</strong></span> <span class='ocrx_word' id='word_1_35' title='bbox 1139 1230 1317 1294; x_wconf 85' lang='lat' dir='ltr'><strong>intra</strong></span> <span class='ocrx_word' id='word_1_36' title='bbox 1362 1251 1595 1315; x_wconf 89' lang='lat' dir='ltr'><strong>corpus</strong></span> <span class='ocrx_word' id='word_1_37' title='bbox 1641 1231 1970 1310; x_wconf 84' lang='lat' dir='ltr'><strong>ecclesiae3</strong></span> <span class='ocrx_word' id='word_1_38' title='bbox 2033 1238 2102 1297; x_wconf 92' lang='lat' dir='ltr'><strong>et</strong></span> <span class='ocrx_word' id='word_1_39' title='bbox 2146 1253 2279 1296; x_wconf 92' lang='lat' dir='ltr'><strong>non</strong></span> <span class='ocrx_word' id='word_1_40' title='bbox 2326 1237 2592 1299; x_wconf 89' lang='lat' dir='ltr'><strong>tantum</strong></span> <span class='ocrx_word' id='word_1_41' title='bbox 2652 1220 2862 1299; x_wconf 74' lang='lat' dir='ltr'><strong>resur·</strong></span> 
     </span>
     <span class='ocr_line' id='line_1_15' title="bbox 757 1331 2863 1416; baseline 0.003 -23"><span class='ocrx_word' id='word_1_42' title='bbox 757 1331 1077 1408; x_wconf 60' lang='lat' dir='ltr'><strong>rectionis</strong></span> <span class='ocrx_word' id='word_1_43' title='bbox 1156 1332 1270 1395; x_wconf 88' lang='lat' dir='ltr'><strong>sed</strong></span> <span class='ocrx_word' id='word_1_44' title='bbox 1344 1332 1668 1416; x_wconf 79' lang='lat' dir='ltr'><strong>passionis</strong></span> <span class='ocrx_word' id='word_1_45' title='bbox 1745 1332 2131 1399; x_wconf 86' lang='lat' dir='ltr'><strong>Dominicae.</strong></span> <span class='ocrx_word' id='word_1_46' title='bbox 2271 1333 2397 1398; x_wconf 90' lang='lat' dir='ltr'><strong>Per</strong></span> <span class='ocrx_word' id='word_1_47' title='bbox 2472 1336 2863 1402; x_wconf 79' lang='lat' dir='ltr'><strong>decisionem</strong></span> 
     </span>
     <span class='ocr_line' id='line_1_16' title="bbox 756 1433 2864 1522; baseline 0.003 -27"><span class='ocrx_word' id='word_1_48' title='bbox 756 1454 1037 1516; x_wconf 87' lang='lat' dir='ltr'><strong>namque</strong></span> <span class='ocrx_word' id='word_1_49' title='bbox 1098 1433 1353 1519; x_wconf 86' lang='lat' dir='ltr'><strong>lapidis,</strong></span> <span class='ocrx_word' id='word_1_50' title='bbox 1402 1433 1544 1496; x_wconf 87' lang='lat' dir='ltr'><strong>sine</strong></span> <span class='ocrx_word' id='word_1_51' title='bbox 1614 1455 1818 1498; x_wconf 89' lang='lat' dir='ltr'><strong>manu</strong></span> <span class='ocrx_word' id='word_1_52' title='bbox 1881 1435 2246 1500; x_wconf 88' lang='lat' dir='ltr'><strong>decidentis</strong></span> <span class='ocrx_word' id='word_1_53' title='bbox 2314 1455 2355 1499; x_wconf 89' lang='lat' dir='ltr'><strong>a</strong></span> <span class='ocrx_word' id='word_1_54' title='bbox 2419 1457 2623 1513; x_wconf 88' lang='lat' dir='ltr'><strong>muro,</strong></span> <span class='ocrx_word' id='word_1_55' title='bbox 2670 1438 2864 1522; x_wconf 86' lang='lat' dir='ltr'><strong>plane</strong></span> 
     </span>
     <span class='ocr_line' id='line_1_17' title="bbox 758 1534 2867 1623; baseline 0.003 -27"><span class='ocrx_word' id='word_1_56' title='bbox 758 1535 1184 1610; x_wconf 78' lang='lat' dir='ltr'><strong>indicabatur,</strong></span> <span class='ocrx_word' id='word_1_57' title='bbox 1232 1534 1373 1598; x_wconf 90' lang='lat' dir='ltr'><strong>sine</strong></span> <span class='ocrx_word' id='word_1_58' title='bbox 1420 1534 1829 1599; x_wconf 78' lang='lat' dir='ltr'><strong>admixtione</strong></span> <span class='ocrx_word' id='word_1_59' title='bbox 1870 1535 2064 1612; x_wconf 85' lang='lat' dir='ltr'><strong>virili,</strong></span> <span class='ocrx_word' id='word_1_60' title='bbox 2098 1558 2183 1601; x_wconf 84' lang='lat' dir='ltr'><strong>ex</strong></span> <span class='ocrx_word' id='word_1_61' title='bbox 2211 1537 2471 1623; x_wconf 84' lang='lat' dir='ltr'><strong>virgine</strong></span> <span class='ocrx_word' id='word_1_62' title='bbox 2517 1537 2867 1604; x_wconf 87' lang='lat' dir='ltr'><strong>Dominica</strong></span> 
     </span>
     <span class='ocr_line' id='line_1_18' title="bbox 758 1637 2858 1725; baseline 0.002 -26"><span class='ocrx_word' id='word_1_63' title='bbox 758 1637 1172 1701; x_wconf 85' lang='lat' dir='ltr'><strong>Incarnatio:</strong></span> <span class='ocrx_word' id='word_1_64' title='bbox 1233 1659 1350 1721; x_wconf 91' lang='lat' dir='ltr'><strong>per</strong></span> <span class='ocrx_word' id='word_1_65' title='bbox 1394 1637 1740 1721; x_wconf 89' lang='lat' dir='ltr'><strong>utriusque</strong></span> <span class='ocrx_word' id='word_1_66' title='bbox 1787 1657 2029 1714; x_wconf 89' lang='lat' dir='ltr'><strong>casum,</strong></span> <span class='ocrx_word' id='word_1_67' title='bbox 2087 1639 2335 1704; x_wconf 89' lang='lat' dir='ltr'><strong>scilicet</strong></span> <span class='ocrx_word' id='word_1_68' title='bbox 2393 1645 2476 1703; x_wconf 23' lang='lat' dir='ltr'><strong>et*</strong></span> <span class='ocrx_word' id='word_1_69' title='bbox 2507 1640 2746 1725; x_wconf 89' lang='lat' dir='ltr'><strong>lapidis</strong></span> <span class='ocrx_word' id='word_1_70' title='bbox 2792 1648 2858 1705; x_wconf 87' lang='lat' dir='ltr'><strong>et</strong></span> 
     </span>
     <span class='ocr_line' id='line_1_19' title="bbox 756 1737 2859 1825; baseline 0.003 -25"><span class='ocrx_word' id='word_1_71' title='bbox 756 1738 959 1822; x_wconf 86' lang='lat' dir='ltr'><strong>pueri,</strong></span> <span class='ocrx_word' id='word_1_72' title='bbox 1025 1737 1522 1823; x_wconf 86' lang='lat' dir='ltr'><strong>significabatur</strong></span> <span class='ocrx_word' id='word_1_73' title='bbox 1584 1737 1801 1823; x_wconf 84' lang='lat' dir='ltr'><strong>passio</strong></span> <span class='ocrx_word' id='word_1_74' title='bbox 1849 1739 2181 1825; x_wconf 88' lang='lat' dir='ltr'><strong>Ejusdem,</strong></span> <span class='ocrx_word' id='word_1_75' title='bbox 2251 1740 2538 1805; x_wconf 90' lang='lat' dir='ltr'><strong>hominis</strong></span> <span class='ocrx_word' id='word_1_76' title='bbox 2585 1748 2652 1805; x_wconf 90' lang='lat' dir='ltr'><strong>et</strong></span> <span class='ocrx_word' id='word_1_77' title='bbox 2716 1741 2859 1807; x_wconf 90' lang='lat' dir='ltr'><strong>Dei.</strong></span> 
     </span>
     <span class='ocr_line' id='line_1_20' title="bbox 760 1839 2859 1928; baseline 0.002 -26"><span class='ocrx_word' id='word_1_78' title='bbox 760 1839 1209 1904; x_wconf 86' lang='lat' dir='ltr'><strong>Veruntamen</strong></span> <span class='ocrx_word' id='word_1_79' title='bbox 1284 1841 1452 1925; x_wconf 87' lang='lat' dir='ltr'><strong>lapis</strong></span> <span class='ocrx_word' id='word_1_80' title='bbox 1520 1840 1813 1905; x_wconf 89' lang='lat' dir='ltr'><strong>cadendo</strong></span> <span class='ocrx_word' id='word_1_81' title='bbox 1889 1840 2257 1907; x_wconf 83' lang='lat' dir='ltr'><strong>confractus</strong></span> <span class='ocrx_word' id='word_1_82' title='bbox 2331 1848 2570 1928; x_wconf 86' lang='lat' dir='ltr'><strong>typum</strong></span> <span class='ocrx_word' id='word_1_83' title='bbox 2655 1845 2859 1928; x_wconf 84' lang='lat' dir='ltr'><strong>gessit</strong></span> 
     </span>
     <span class='ocr_line' id='line_1_21' title="bbox 758 1941 2860 2029; baseline 0.002 -24"><span class='ocrx_word' id='word_1_84' title='bbox 758 1942 984 2005; x_wconf 88' lang='lat' dir='ltr'><strong>arietis</strong></span> <span class='ocrx_word' id='word_1_85' title='bbox 1032 1942 1222 2005; x_wconf 88' lang='lat' dir='ltr'><strong>occisi</strong></span> <span class='ocrx_word' id='word_1_86' title='bbox 1252 1965 1266 2019; x_wconf 90' lang='lat'>;</span> <span class='ocrx_word' id='word_1_87' title='bbox 1306 1941 1680 2007; x_wconf 83' lang='lat' dir='ltr'><strong>adolescens</strong></span> <span class='ocrx_word' id='word_1_88' title='bbox 1713 1963 1870 2007; x_wconf 88' lang='lat' dir='ltr'><strong>vero</strong></span> <span class='ocrx_word' id='word_1_89' title='bbox 1915 1948 2156 2028; x_wconf 84' lang='lat' dir='ltr'><strong>typum</strong></span> <span class='ocrx_word' id='word_1_90' title='bbox 2190 1944 2374 2009; x_wconf 82' lang='lat' dir='ltr'><strong>Isaac</strong></span> <span class='ocrx_word' id='word_1_91' title='bbox 2418 1948 2860 2029; x_wconf 87' lang='lat' dir='ltr'><strong>permanentis</strong></span> 
     </span>
     <span class='ocr_line' id='line_1_22' title="bbox 762 2042 2860 2128; baseline 0.004 -23"><span class='ocrx_word' id='word_1_92' title='bbox 762 2043 964 2109; x_wconf 79' lang='lat' dir='ltr'><strong>illaesi.</strong></span> <span class='ocrx_word' id='word_1_93' title='bbox 1079 2042 1274 2108; x_wconf 88' lang='lat' dir='ltr'><strong>Unde</strong></span> <span class='ocrx_word' id='word_1_94' title='bbox 1324 2042 1532 2127; x_wconf 85' lang='lat' dir='ltr'><strong>Cujus</strong></span> <span class='ocrx_word' id='word_1_95' title='bbox 1586 2044 1909 2128; x_wconf 84' lang='lat' dir='ltr'><strong>passionis</strong></span> <span class='ocrx_word' id='word_1_96' title='bbox 1954 2044 2313 2108; x_wconf 91' lang='lat' dir='ltr'><strong>secundum</strong></span> <span class='ocrx_word' id='word_1_97' title='bbox 2374 2044 2860 2113; x_wconf 86' lang='lat' dir='ltr'><strong>humanitatem</strong></span> 
     </span>
     <span class='ocr_line' id='line_1_23' title="bbox 761 2144 2858 2230; baseline 0.003 -23"><span class='ocrx_word' id='word_1_98' title='bbox 761 2145 1022 2230; x_wconf 87' lang='lat' dir='ltr'><strong>signum</strong></span> <span class='ocrx_word' id='word_1_99' title='bbox 1066 2144 1198 2209; x_wconf 88' lang='lat' dir='ltr'><strong>fuit</strong></span> <span class='ocrx_word' id='word_1_100' title='bbox 1241 2145 1474 2222; x_wconf 80' lang='lat' dir='ltr'><strong>ruina3</strong></span> <span class='ocrx_word' id='word_1_101' title='bbox 1523 2145 1682 2228; x_wconf 87' lang='lat' dir='ltr'><strong>Ejus</strong></span> <span class='ocrx_word' id='word_1_102' title='bbox 1730 2145 1931 2209; x_wconf 89' lang='lat' dir='ltr'><strong>etiam</strong></span> <span class='ocrx_word' id='word_1_103' title='bbox 1978 2148 2473 2211; x_wconf 88' lang='lat' dir='ltr'><strong>resurrectionis</strong></span> <span class='ocrx_word' id='word_1_104' title='bbox 2503 2150 2858 2216; x_wconf 88' lang='lat' dir='ltr'><strong>secundum</strong></span> 
     </span>
     <span class='ocr_line' id='line_1_24' title="bbox 763 2245 2562 2330; baseline 0.004 -22"><span class='ocrx_word' id='word_1_105' title='bbox 763 2245 1205 2310; x_wconf 84' lang='lat' dir='ltr'><strong>Divinitatem</strong></span> <span class='ocrx_word' id='word_1_106' title='bbox 1251 2246 1514 2330; x_wconf 82' lang='lat' dir='ltr'><strong>signum</strong></span> <span class='ocrx_word' id='word_1_107' title='bbox 1561 2245 1827 2310; x_wconf 79' lang='lat' dir='ltr'><strong>exstitit</strong></span> <span class='ocrx_word' id='word_1_108' title='bbox 1871 2248 2111 2312; x_wconf 88' lang='lat' dir='ltr'><strong>erectio</strong></span> <span class='ocrx_word' id='word_1_109' title='bbox 2158 2248 2562 2315; x_wconf 85' lang='lat' dir='ltr'><strong>miraculosa.</strong></span> 
     </span>
    </p>
   </div>
   <div class='ocr_carea' id='block_1_5' title="bbox 794 2495 2827 2715">
    <p class='ocr_par' dir='ltr' id='par_1_5' title="bbox 794 2495 2827 2715">
     <span class='ocr_line' id='line_1_25' title="bbox 794 2495 2827 2611; baseline 0.001 -22"><span class='ocrx_word' id='word_1_110' title='bbox 794 2495 1367 2611; x_wconf 61' lang='lat' dir='ltr'><strong>[Adolescentalus</strong></span> <span class='ocrx_word' id='word_1_111' title='bbox 1410 2527 1908 2604; x_wconf 59' lang='lat' dir='ltr'><strong>Reverlaceozsis,</strong></span> <span class='ocrx_word' id='word_1_112' title='bbox 1956 2508 2274 2593; x_wconf 58' lang='lat' dir='ltr'><strong>omnibus</strong></span> <span class='ocrx_word' id='word_1_113' title='bbox 2317 2529 2634 2595; x_wconf 75' lang='lat' dir='ltr'><strong>membr-is</strong></span> <span class='ocrx_word' id='word_1_114' title='bbox 2678 2551 2827 2593; x_wconf 75' lang='lat' dir='ltr'><strong>con-</strong></span> 
     </span>
     <span class='ocr_line' id='line_1_26' title="bbox 1495 2632 2148 2715; baseline 0.006 -24"><span class='ocrx_word' id='word_1_115' title='bbox 1495 2636 1761 2705; x_wconf 68' lang='lat' dir='ltr'><strong>tractus,</strong></span> <span class='ocrx_word' id='word_1_116' title='bbox 1809 2632 2148 2715; x_wconf 64' lang='lat' dir='ltr'><strong>sanatur]</strong></span> 
     </span>
    </p>
   </div>
   <div class='ocr_carea' id='block_1_6' title="bbox 763 2777 2872 4000">
    <p class='ocr_par' dir='ltr' id='par_1_6' title="bbox 763 2777 2872 4000">
     <span class='ocr_line' id='line_1_27' title="bbox 852 2777 2858 2869; baseline 0 -13"><span class='ocrx_word' id='word_1_117' title='bbox 852 2793 1014 2857; x_wconf 64' lang='lat' dir='ltr'><strong>Erat</strong></span> <span class='ocrx_word' id='word_1_118' title='bbox 1100 2793 1435 2858; x_wconf 70' lang='lat' dir='ltr'><strong>Beveflaei</strong></span> <span class='ocrx_word' id='word_1_119' title='bbox 1510 2794 2035 2859; x_wconf 66' lang='lat' dir='ltr'><strong>adolescenmus</strong></span> <span class='ocrx_word' id='word_1_120' title='bbox 2111 2777 2490 2869; x_wconf 67' lang='lat' dir='ltr'><strong>duodennis,</strong></span> <span class='ocrx_word' id='word_1_121' title='bbox 2567 2794 2858 2858; x_wconf 74' lang='lat' dir='ltr'><strong>mulieris</strong></span> 
     </span>
     <span class='ocr_line' id='line_1_28' title="bbox 763 2894 2857 2981; baseline 0 -22"><span class='ocrx_word' id='word_1_122' title='bbox 763 2895 1173 2981; x_wconf 86' lang='lat' dir='ltr'><strong>pauperculae</strong></span> <span class='ocrx_word' id='word_1_123' title='bbox 1219 2894 1410 2972; x_wconf 82' lang='lat' dir='ltr'><strong>filius,</strong></span> <span class='ocrx_word' id='word_1_124' title='bbox 1458 2896 1572 2981; x_wconf 90' lang='lat' dir='ltr'><strong>qui</strong></span> <span class='ocrx_word' id='word_1_125' title='bbox 1632 2897 1822 2981; x_wconf 87' lang='lat' dir='ltr'><strong>gravi</strong></span> <span class='ocrx_word' id='word_1_126' title='bbox 1891 2895 2046 2961; x_wconf 87' lang='lat' dir='ltr'><strong>licet</strong></span> <span class='ocrx_word' id='word_1_127' title='bbox 2104 2895 2375 2961; x_wconf 88' lang='lat' dir='ltr'><strong>curabili</strong></span> <span class='ocrx_word' id='word_1_128' title='bbox 2438 2894 2857 2961; x_wconf 86' lang='lat' dir='ltr'><strong>incumbente</strong></span> 
     </span>
     <span class='ocr_line' id='line_1_29' title="bbox 764 2995 2857 3082; baseline 0.001 -23"><span class='ocrx_word' id='word_1_129' title='bbox 764 2997 1006 3074; x_wconf 86' lang='lat' dir='ltr'><strong>morb0,</strong></span> <span class='ocrx_word' id='word_1_130' title='bbox 1053 2997 1169 3061; x_wconf 90' lang='lat' dir='ltr'><strong>diu</strong></span> <span class='ocrx_word' id='word_1_131' title='bbox 1214 2997 1613 3061; x_wconf 84' lang='lat' dir='ltr'><strong>decubuerat</strong></span> <span class='ocrx_word' id='word_1_132' title='bbox 1658 2997 1729 3059; x_wconf 91' lang='lat' dir='ltr'><strong>in</strong></span> <span class='ocrx_word' id='word_1_133' title='bbox 1776 2996 1945 3061; x_wconf 90' lang='lat' dir='ltr'><strong>lecto</strong></span> <span class='ocrx_word' id='word_1_134' title='bbox 1990 2995 2360 3082; x_wconf 82' lang='lat' dir='ltr'><strong>languoris3</strong></span> <span class='ocrx_word' id='word_1_135' title='bbox 2405 2996 2512 3061; x_wconf 88' lang='lat' dir='ltr'><strong>cui</strong></span> <span class='ocrx_word' id='word_1_136' title='bbox 2557 3017 2857 3081; x_wconf 75' lang='lat' dir='ltr'><strong>processu</strong></span> 
     </span>
     <span class='ocr_line' id='line_1_30' title="bbox 765 3099 2857 3184; baseline -0.001 -21"><span class='ocrx_word' id='word_1_137' title='bbox 765 3101 1076 3184; x_wconf 83' lang='lat' dir='ltr'><strong>temporis</strong></span> <span class='ocrx_word' id='word_1_138' title='bbox 1145 3100 1575 3176; x_wconf 85' lang='lat' dir='ltr'><strong>evanescenti,</strong></span> <span class='ocrx_word' id='word_1_139' title='bbox 1621 3104 2017 3164; x_wconf 88' lang='lat' dir='ltr'><strong>successerat</strong></span> <span class='ocrx_word' id='word_1_140' title='bbox 2079 3099 2248 3164; x_wconf 89' lang='lat' dir='ltr'><strong>alius</strong></span> <span class='ocrx_word' id='word_1_141' title='bbox 2308 3099 2573 3184; x_wconf 78' lang='lat' dir='ltr'><strong>gravior</strong></span> <span class='ocrx_word' id='word_1_142' title='bbox 2631 3106 2700 3162; x_wconf 89' lang='lat' dir='ltr'><strong>et</strong></span> <span class='ocrx_word' id='word_1_143' title='bbox 2759 3099 2857 3161; x_wconf 77' lang='lat' dir='ltr'><strong>ifi-</strong></span> 
     </span>
     <span class='ocr_line' id='line_1_31' title="bbox 765 3200 2863 3285; baseline -0.001 -20"><span class='ocrx_word' id='word_1_144' title='bbox 765 3202 1086 3265; x_wconf 88' lang='lat' dir='ltr'><strong>curabilis.</strong></span> <span class='ocrx_word' id='word_1_145' title='bbox 1200 3201 1302 3265; x_wconf 83' lang='lat' dir='ltr'><strong>Ex</strong></span> <span class='ocrx_word' id='word_1_146' title='bbox 1365 3200 1667 3266; x_wconf 90' lang='lat' dir='ltr'><strong>chronico</strong></span> <span class='ocrx_word' id='word_1_147' title='bbox 1728 3221 2014 3285; x_wconf 89' lang='lat' dir='ltr'><strong>namque</strong></span> <span class='ocrx_word' id='word_1_148' title='bbox 2076 3200 2387 3284; x_wconf 84' lang='lat' dir='ltr'><strong>languore</strong></span> <span class='ocrx_word' id='word_1_149' title='bbox 2441 3201 2603 3272; x_wconf 87' lang='lat' dir='ltr'><strong>adeo</strong></span> <span class='ocrx_word' id='word_1_150' title='bbox 2646 3200 2863 3264; x_wconf 82' lang='lat' dir='ltr'><strong>fuerat</strong></span> 
     </span>
     <span class='ocr_line' id='line_1_32' title="bbox 766 3300 2866 3386; baseline -0.001 -20"><span class='ocrx_word' id='word_1_151' title='bbox 766 3304 1160 3378; x_wconf 77' lang='lat' dir='ltr'><strong>exinanitus,</strong></span> <span class='ocrx_word' id='word_1_152' title='bbox 1245 3307 1322 3365; x_wconf 92' lang='lat' dir='ltr'><strong>ut</strong></span> <span class='ocrx_word' id='word_1_153' title='bbox 1388 3301 1643 3365; x_wconf 88' lang='lat' dir='ltr'><strong>ossibus</strong></span> <span class='ocrx_word' id='word_1_154' title='bbox 1732 3300 2100 3365; x_wconf 87' lang='lat' dir='ltr'><strong>adhaereret</strong></span> <span class='ocrx_word' id='word_1_155' title='bbox 2189 3300 2394 3386; x_wconf 88' lang='lat' dir='ltr'><strong>pellis,</strong></span> <span class='ocrx_word' id='word_1_156' title='bbox 2464 3302 2866 3385; x_wconf 84' lang='lat' dir='ltr'><strong>consumptis</strong></span> 
     </span>
     <span class='ocr_line' id='line_1_33' title="bbox 767 3402 2864 3483; baseline -0.001 -14"><span class='ocrx_word' id='word_1_157' title='bbox 767 3405 1107 3483; x_wconf 84' lang='lat' dir='ltr'><strong>carnibus3</strong></span> <span class='ocrx_word' id='word_1_158' title='bbox 1169 3404 1240 3467; x_wconf 87' lang='lat' dir='ltr'><strong>in</strong></span> <span class='ocrx_word' id='word_1_159' title='bbox 1308 3408 1572 3467; x_wconf 88' lang='lat' dir='ltr'><strong>tantum</strong></span> <span class='ocrx_word' id='word_1_160' title='bbox 1636 3402 2001 3470; x_wconf 82' lang='lat' dir='ltr'><strong>exhaustus</strong></span> <span class='ocrx_word' id='word_1_161' title='bbox 2064 3409 2134 3467; x_wconf 86' lang='lat' dir='ltr'><strong>et</strong></span> <span class='ocrx_word' id='word_1_162' title='bbox 2197 3409 2597 3467; x_wconf 83' lang='lat' dir='ltr'><strong>extenuatus</strong></span> <span class='ocrx_word' id='word_1_163' title='bbox 2642 3403 2864 3478; x_wconf 90' lang='lat' dir='ltr'><strong>macie,</strong></span> 
     </span>
     <span class='ocr_line' id='line_1_34' title="bbox 763 3503 2869 3591; baseline -0.001 -22"><span class='ocrx_word' id='word_1_164' title='bbox 763 3513 843 3570; x_wconf 87' lang='lat' dir='ltr'><strong>ut</strong></span> <span class='ocrx_word' id='word_1_165' title='bbox 886 3509 1005 3571; x_wconf 83' lang='lat' dir='ltr'><strong>vix</strong></span> <span class='ocrx_word' id='word_1_166' title='bbox 1064 3507 1354 3570; x_wconf 87' lang='lat' dir='ltr'><strong>humana</strong></span> <span class='ocrx_word' id='word_1_167' title='bbox 1414 3505 1796 3591; x_wconf 83' lang='lat' dir='ltr'><strong>fungeretur</strong></span> <span class='ocrx_word' id='word_1_168' title='bbox 1859 3503 2086 3589; x_wconf 85' lang='lat' dir='ltr'><strong>effigie.</strong></span> <span class='ocrx_word' id='word_1_169' title='bbox 2202 3504 2394 3569; x_wconf 85' lang='lat' dir='ltr'><strong>Cutis</strong></span> <span class='ocrx_word' id='word_1_170' title='bbox 2461 3505 2869 3590; x_wconf 88' lang='lat' dir='ltr'><strong>crispabatur</strong></span> 
     </span>
     <span class='ocr_line' id='line_1_35' title="bbox 765 3605 2867 3693; baseline -0.002 -22"><span class='ocrx_word' id='word_1_171' title='bbox 765 3609 834 3671; x_wconf 90' lang='lat' dir='ltr'><strong>in</strong></span> <span class='ocrx_word' id='word_1_172' title='bbox 880 3629 1115 3693; x_wconf 80' lang='lat' dir='ltr'><strong>rugas3</strong></span> <span class='ocrx_word' id='word_1_173' title='bbox 1181 3607 1539 3671; x_wconf 79' lang='lat' dir='ltr'><strong>hirudinis</strong></span> <span class='ocrx_word' id='word_1_174' title='bbox 1570 3607 1643 3672; x_wconf 90' lang='lat' dir='ltr'><strong>in</strong></span> <span class='ocrx_word' id='word_1_175' title='bbox 1703 3605 1973 3670; x_wconf 90' lang='lat' dir='ltr'><strong>modum</strong></span> <span class='ocrx_word' id='word_1_176' title='bbox 2036 3605 2418 3691; x_wconf 84' lang='lat' dir='ltr'><strong>exsugentis</strong></span> <span class='ocrx_word' id='word_1_177' title='bbox 2486 3606 2867 3671; x_wconf 88' lang='lat' dir='ltr'><strong>incumbens</strong></span> 
     </span>
     <span class='ocr_line' id='line_1_36' title="bbox 764 3707 2870 3794; baseline -0.001 -21"><span class='ocrx_word' id='word_1_178' title='bbox 764 3710 1042 3794; x_wconf 87' lang='lat' dir='ltr'><strong>languor</strong></span> <span class='ocrx_word' id='word_1_179' title='bbox 1085 3712 1329 3774; x_wconf 91' lang='lat' dir='ltr'><strong>ossium</strong></span> <span class='ocrx_word' id='word_1_180' title='bbox 1373 3714 1732 3774; x_wconf 82' lang='lat' dir='ltr'><strong>exsuxerat</strong></span> <span class='ocrx_word' id='word_1_181' title='bbox 1780 3708 2141 3786; x_wconf 83' lang='lat' dir='ltr'><strong>medullas3</strong></span> <span class='ocrx_word' id='word_1_182' title='bbox 2188 3713 2378 3772; x_wconf 88' lang='lat' dir='ltr'><strong>erant</strong></span> <span class='ocrx_word' id='word_1_183' title='bbox 2441 3715 2511 3772; x_wconf 92' lang='lat' dir='ltr'><strong>et</strong></span> <span class='ocrx_word' id='word_1_184' title='bbox 2556 3707 2741 3772; x_wconf 79' lang='lat' dir='ltr'><strong>tibiae</strong></span> <span class='ocrx_word' id='word_1_185' title='bbox 2802 3715 2870 3774; x_wconf 84' lang='lat' dir='ltr'><strong>et</strong></span> 
     </span>
     <span class='ocr_line' id='line_1_37' title="bbox 764 3808 2872 3896; baseline -0.001 -20"><span class='ocrx_word' id='word_1_186' title='bbox 764 3811 1060 3877; x_wconf 87' lang='lat' dir='ltr'><strong>cruscula</strong></span> <span class='ocrx_word' id='word_1_187' title='bbox 1110 3811 1479 3896; x_wconf 83' lang='lat' dir='ltr'><strong>gracilitate</strong></span> <span class='ocrx_word' id='word_1_188' title='bbox 1547 3812 1734 3875; x_wconf 89' lang='lat' dir='ltr'><strong>tenui</strong></span> <span class='ocrx_word' id='word_1_189' title='bbox 1759 3808 1870 3896; x_wconf 55' lang='grc' dir='ltr'><strong>(ψ</strong></span> <span class='ocrx_word' id='word_1_190' title='bbox 1932 3810 2277 3895; x_wconf 87' lang='lat' dir='ltr'><strong>gradiendi</strong></span> <span class='ocrx_word' id='word_1_191' title='bbox 2351 3811 2578 3875; x_wconf 90' lang='lat' dir='ltr'><strong>usibus</strong></span> <span class='ocrx_word' id='word_1_192' title='bbox 2645 3811 2872 3896; x_wconf 89' lang='lat' dir='ltr'><strong>inepta</strong></span> 
     </span>
     <span class='ocr_line' id='line_1_38' title="bbox 764 3910 2872 4000; baseline -0.001 -23"><span class='ocrx_word' id='word_1_193' title='bbox 764 3913 1028 4000; x_wconf 89' lang='lat' dir='ltr'><strong>penitus</strong></span> <span class='ocrx_word' id='word_1_194' title='bbox 1074 3920 1143 3977; x_wconf 90' lang='lat' dir='ltr'><strong>et</strong></span> <span class='ocrx_word' id='word_1_195' title='bbox 1188 3912 1471 3978; x_wconf 85' lang='lat' dir='ltr'><strong>inutilia.</strong></span> <span class='ocrx_word' id='word_1_196' title='bbox 1565 3912 1774 3977; x_wconf 84' lang='lat' dir='ltr'><strong>Nervi</strong></span> <span class='ocrx_word' id='word_1_197' title='bbox 1824 3910 2023 3976; x_wconf 84' lang='lat' dir='ltr'><strong>tibias</strong></span> <span class='ocrx_word' id='word_1_198' title='bbox 2070 3910 2457 3996; x_wconf 82' lang='lat' dir='ltr'><strong>colligantes</strong></span> <span class='ocrx_word' id='word_1_199' title='bbox 2504 3917 2572 3975; x_wconf 84' lang='lat' dir='ltr'><strong>et</strong></span> <span class='ocrx_word' id='word_1_200' title='bbox 2627 3911 2872 3976; x_wconf 86' lang='lat' dir='ltr'><strong>femora</strong></span> 
     </span>
    </p>
   </div>
   <div class='ocr_carea' id='block_1_7' title="bbox 638 4012 2874 4098">
    <p class='ocr_par' dir='ltr' id='par_1_7' title="bbox 638 4012 2874 4098">
     <span class='ocr_line' id='line_1_39' title="bbox 638 4012 2874 4098; baseline -0.001 -20"><span class='ocrx_word' id='word_1_201' title='bbox 638 4069 643 4078; x_wconf 91' lang='lat'>.</span> <span class='ocrx_word' id='word_1_202' title='bbox 764 4035 882 4098; x_wconf 90' lang='lat' dir='ltr'><strong>per</strong></span> <span class='ocrx_word' id='word_1_203' title='bbox 926 4013 1446 4082; x_wconf 86' lang='lat' dir='ltr'><strong>exinanitionem</strong></span> <span class='ocrx_word' id='word_1_204' title='bbox 1496 4018 1686 4077; x_wconf 87' lang='lat' dir='ltr'><strong>erant</strong></span> <span class='ocrx_word' id='word_1_205' title='bbox 1749 4013 1845 4077; x_wconf 90' lang='lat' dir='ltr'><strong>ita</strong></span> <span class='ocrx_word' id='word_1_206' title='bbox 1905 4012 2248 4087; x_wconf 83' lang='lat' dir='ltr'><strong>contracti,</strong></span> <span class='ocrx_word' id='word_1_207' title='bbox 2294 4017 2374 4076; x_wconf 91' lang='lat' dir='ltr'><strong>ut</strong></span> <span class='ocrx_word' id='word_1_208' title='bbox 2425 4034 2562 4077; x_wconf 89' lang='lat' dir='ltr'><strong>non</strong></span> <span class='ocrx_word' id='word_1_209' title='bbox 2608 4019 2874 4097; x_wconf 86' lang='lat' dir='ltr'><strong>possent</strong></span> 
     </span>
    </p>
   </div>
   <div class='ocr_carea' id='block_1_8' title="bbox 765 4112 2948 4502">
    <p class='ocr_par' dir='ltr' id='par_1_8' title="bbox 765 4112 2948 4502">
     <span class='ocr_line' id='line_1_40' title="bbox 765 4112 2876 4200; baseline -0.001 -22"><span class='ocrx_word' id='word_1_210' title='bbox 765 4114 1048 4200; x_wconf 89' lang='lat' dir='ltr'><strong>poplites</strong></span> <span class='ocrx_word' id='word_1_211' title='bbox 1094 4114 1378 4198; x_wconf 89' lang='lat' dir='ltr'><strong>aperiri;</strong></span> <span class='ocrx_word' id='word_1_212' title='bbox 1430 4113 1615 4176; x_wconf 80' lang='lat' dir='ltr'><strong>tibiae</strong></span> <span class='ocrx_word' id='word_1_213' title='bbox 1661 4135 1701 4176; x_wconf 92' lang='lat' dir='ltr'><strong>a</strong></span> <span class='ocrx_word' id='word_1_214' title='bbox 1747 4112 2063 4189; x_wconf 87' lang='lat' dir='ltr'><strong>cruribus,</strong></span> <span class='ocrx_word' id='word_1_215' title='bbox 2112 4112 2310 4197; x_wconf 88' lang='lat' dir='ltr'><strong>pedes</strong></span> <span class='ocrx_word' id='word_1_216' title='bbox 2355 4134 2396 4175; x_wconf 90' lang='lat' dir='ltr'><strong>a</strong></span> <span class='ocrx_word' id='word_1_217' title='bbox 2441 4114 2710 4177; x_wconf 88' lang='lat' dir='ltr'><strong>natibus</strong></span> <span class='ocrx_word' id='word_1_218' title='bbox 2760 4137 2876 4199; x_wconf 86' lang='lat' dir='ltr'><strong>per</strong></span> 
     </span>
     <span class='ocr_line' id='line_1_41' title="bbox 767 4214 2872 4300; baseline -0 -21"><span class='ocrx_word' id='word_1_219' title='bbox 767 4216 1218 4280; x_wconf 80' lang='lat' dir='ltr'><strong>extensionem</strong></span> <span class='ocrx_word' id='word_1_220' title='bbox 1263 4214 1618 4299; x_wconf 89' lang='lat' dir='ltr'><strong>nequirent</strong></span> <span class='ocrx_word' id='word_1_221' title='bbox 1647 4215 1971 4299; x_wconf 83' lang='lat' dir='ltr'><strong>separari3</strong></span> <span class='ocrx_word' id='word_1_222' title='bbox 2019 4222 2208 4278; x_wconf 87' lang='lat' dir='ltr'><strong>erant</strong></span> <span class='ocrx_word' id='word_1_223' title='bbox 2240 4222 2310 4279; x_wconf 92' lang='lat' dir='ltr'><strong>et</strong></span> <span class='ocrx_word' id='word_1_224' title='bbox 2355 4216 2552 4300; x_wconf 90' lang='lat' dir='ltr'><strong>pedes</strong></span> <span class='ocrx_word' id='word_1_225' title='bbox 2577 4216 2872 4292; x_wconf 79' lang='lat' dir='ltr'><strong>distorti,</strong></span> 
     </span>
     <span class='ocr_line' id='line_1_42' title="bbox 767 4306 2948 4400; baseline -0.001 -18"><span class='ocrx_word' id='word_1_226' title='bbox 767 4339 844 4382; x_wconf 88' lang='lat' dir='ltr'><strong>ac</strong></span> <span class='ocrx_word' id='word_1_227' title='bbox 888 4318 942 4380; x_wconf 90' lang='lat' dir='ltr'><strong>si</strong></span> <span class='ocrx_word' id='word_1_228' title='bbox 990 4309 1210 4381; x_wconf 75' lang='lat' dir='ltr'><strong>essent</strong></span> <span class='ocrx_word' id='word_1_229' title='bbox 1255 4314 1564 4400; x_wconf 88' lang='lat' dir='ltr'><strong>opilionis</strong></span> <span class='ocrx_word' id='word_1_230' title='bbox 1636 4315 1870 4399; x_wconf 84' lang='lat' dir='ltr'><strong>pedes3</strong></span> <span class='ocrx_word' id='word_1_231' title='bbox 1915 4317 2247 4379; x_wconf 87' lang='lat' dir='ltr'><strong>recurvati</strong></span> <span class='ocrx_word' id='word_1_232' title='bbox 2289 4317 2532 4400; x_wconf 88' lang='lat' dir='ltr'><strong>pedum</strong></span> <span class='ocrx_word' id='word_1_233' title='bbox 2596 4317 2874 4394; x_wconf 84' lang='lat' dir='ltr'><strong>articuli,</strong></span> <span class='ocrx_word' id='word_1_234' title='bbox 2940 4306 2948 4314; x_wconf 72' lang='grc'><strong>’</strong></span> 
     </span>
     <span class='ocr_line' id='line_1_43' title="bbox 767 4416 2875 4502; baseline 0 -20"><span class='ocrx_word' id='word_1_235' title='bbox 767 4420 840 4482; x_wconf 92' lang='lat' dir='ltr'><strong>in</strong></span> <span class='ocrx_word' id='word_1_236' title='bbox 884 4417 1155 4482; x_wconf 91' lang='lat' dir='ltr'><strong>modum</strong></span> <span class='ocrx_word' id='word_1_237' title='bbox 1217 4422 1723 4482; x_wconf 86' lang='lat' dir='ltr'><strong>curvaturarum</strong></span> <span class='ocrx_word' id='word_1_238' title='bbox 1784 4416 1938 4480; x_wconf 87' lang='lat' dir='ltr'><strong>unci</strong></span> <span class='ocrx_word' id='word_1_239' title='bbox 1984 4416 2191 4479; x_wconf 84' lang='lat' dir='ltr'><strong>ferrei.</strong></span> <span class='ocrx_word' id='word_1_240' title='bbox 2306 4416 2378 4482; x_wconf 83' lang='lat' dir='ltr'><strong>Si</strong></span> <span class='ocrx_word' id='word_1_241' title='bbox 2439 4417 2702 4502; x_wconf 88' lang='lat' dir='ltr'><strong>quando</strong></span> <span class='ocrx_word' id='word_1_242' title='bbox 2762 4438 2875 4482; x_wconf 88' lang='lat' dir='ltr'><strong>ne-</strong></span> 
     </span>
    </p>
   </div>
   <div class='ocr_carea' id='block_1_9' title="bbox 968 4707 2689 4778">
    <p class='ocr_par' dir='ltr' id='par_1_9' title="bbox 968 4707 2689 4778">
     <span class='ocr_line' id='line_1_44' title="bbox 968 4707 2689 4778; baseline 0 -17"><span class='ocrx_word' id='word_1_243' title='bbox 968 4711 984 4742; x_wconf 90' lang='lat'>¹</span> <span class='ocrx_word' id='word_1_244' title='bbox 1021 4712 1179 4775; x_wconf 74' lang='lat' dir='ltr'><strong>teum]</strong></span> <span class='ocrx_word' id='word_1_245' title='bbox 1224 4711 1437 4775; x_wconf 84' lang='lat' dir='ltr'><strong>Todina,</strong></span> <span class='ocrx_word' id='word_1_246' title='bbox 1460 4711 1515 4758; x_wconf 90' lang='lat' dir='ltr'><strong>in</strong></span> <span class='ocrx_word' id='word_1_247' title='bbox 1539 4709 1626 4758; x_wconf 81' lang='lat' dir='ltr'><strong>the</strong></span> <span class='ocrx_word' id='word_1_248' title='bbox 1653 4707 1851 4776; x_wconf 83' lang='lat' dir='ltr'><strong>printed</strong></span> <span class='ocrx_word' id='word_1_249' title='bbox 1875 4723 2027 4773; x_wconf 79' lang='lat' dir='ltr'><strong>copy,</strong></span> <span class='ocrx_word' id='word_1_250' title='bbox 2050 4725 2116 4760; x_wconf 86' lang='lat' dir='ltr'><strong>an</strong></span> <span class='ocrx_word' id='word_1_251' title='bbox 2141 4711 2514 4778; x_wconf 78' lang='lat' dir='ltr'><strong>unintelligible</strong></span> <span class='ocrx_word' id='word_1_252' title='bbox 2537 4714 2689 4761; x_wconf 78' lang='lat' dir='ltr'><strong>word.</strong></span> 
     </span>
    </p>
   </div>
  </div>
 </body>
</html>
