3600 5800
765 808 776 813 ’
826 849 956 911 228
1491 858 2024 919 flmmeum
2070 858 2251 908 πω

490 1060 591 1109 and
613 1058 718 1108 viu
824 1045 1101 1133 gloriam
1146 1051 1581 1132 perventuros
1612 1044 1961 1121 confiditis,
2000 1043 2476 1131 jocundamini.
2569 1044 2659 1111 Et
2701 1067 2930 1110 revera

489 1127 766 1256 ζξῑὲζέζο
826 1148 1131 1213 dubitare
1173 1168 1310 1212 non
1355 1148 1668 1213 convenit
1695 1168 1815 1212 vos
1860 1146 2099 1228 libenti
2143 1147 2367 1211 animo
2411 1147 2752 1212 audituros
2799 1168 2931 1231 qua

490 1257 614 1334 hear
637 1272 800 1307 some·
826 1250 1317 1316 conversatione
1363 1250 1573 1315 vitam
1641 1249 1714 1312 in
1777 1248 1903 1314 hoc
1963 1248 2213 1314 mundo
2280 1249 2687 1335 transegerit,
2734 1271 2927 1335 quem

489 1322 693 1447 {2¹3¹}fo
692 1322 720 1371 f
824 1350 981 1417 huic
1026 1351 1186 1416 vitae
1232 1355 1610 1436 exemptum
1656 1355 1761 1413 tot
1806 1349 2175 1413 devotionis
2219 1355 2457 1415 vestrae
2525 1349 2752 1416 officiis
2817 1371 2928 1415 ex-

827 1452 1120 1517 ultanter
1164 1450 1516 1516 honoratis.
1611 1448 2028 1535 Quapropter
2072 1449 2159 1514 ab
2219 1451 2489 1516 exordio
2552 1451 2930 1516 nativitatis

828 1554 969 1638 ejus
1014 1553 1196 1638 loqui
1241 1552 1666 1637 incipiemus3
1710 1556 1779 1614 et
1824 1551 1918 1616 sic
1962 1571 2097 1616 non
2142 1551 2409 1636 quidem
2455 1553 2748 1617 seriatim
2778 1573 2928 1617 nar-

492 1668 658 1719 which
680 1672 768 1748 ¹¹²?
826 1655 1046 1732 rando,
1123 1654 1238 1719 sed
1306 1674 1516 1739 pauca
1582 1652 1884 1738 quaedam
1963 1652 2043 1717 de
2112 1652 2257 1717 vita
2329 1653 2470 1738 ejus
2546 1653 2927 1718 summatim

365 1822 374 1833 ,
488 1736 799 1855 mg}
826 1754 1340 1841 perstringendO,
1404 1754 1812 1819 disseremus,
1908 1753 1997 1816 Et
2070 1752 2194 1817 hoc
2261 1753 2573 1818 faciemus
2635 1774 2785 1818 cum
2848 1760 2929 1817 ut

789 1839 803 1854 ⁸
825 1861 1045 1921 vestro
1092 1855 1412 1920 desiderio
1458 1875 1704 1919 morem
1748 1874 2069 1939 geramus„
2101 1859 2248 1919 tum
2294 1861 2374 1919 ut
2417 1854 2585 1919 nulli
2630 1862 2926 1920 vestrum

825 1957 1077 2042 aliquid
1153 1957 1443 2032 taedium,
1522 1955 1666 2021 Deo
1741 1976 1863 2019 nos
1941 1959 2010 2019 et
2072 1955 2286 2021 verba
2344 1963 2571 2022 nostra
2645 1963 2928 2043 regente,

823 2061 1213 2146 ingeramus.

484 2166 616 2282 gh&
643 2165 654 2177 ⁶
691 2167 771 2282 133,
913 2161 1131 2248 Igitur
1175 2184 1325 2229 cum
1369 2162 1479 2228 hic
1523 2166 1713 2247 pater
1755 2166 1982 2226 noster
2048 2161 2418 2227 infantulus
2481 2163 2775 2248 prodiret
2841 2163 2925 2228 ab

487 2296 643 2347 birth.
772 2250 796 2284 ⁸
820 2267 1008 2330 utero
1055 2263 1300 2339 matriS,
1344 2284 1501 2328 mox
1546 2262 1851 2326 flammea
1894 2261 2147 2347 lampas
2193 2284 2391 2348 super
2433 2270 2673 2326 domum
2708 2272 2772 2325 in
2808 2252 2927 2343 qua
2951 2274 3182 2339 Eadmer,

818 2374 1167 2431 nascebatur
1220 2373 1450 2430 caelitus
1518 2365 1807 2441 emicuit,
1884 2385 2275 2450 omnemque
2320 2372 2687 2429 circumfusoe
2738 2373 2926 2429 noctis

817 2463 1165 2549 caliginem
1209 2471 1374 2527 radio
1412 2491 1533 2528 suae
1568 2473 1717 2528 lucis
1776 2465 2016 2550 abegit.
2111 2464 2331 2531 Vicini
2400 2471 2592 2530 tanta
2653 2464 2923 2530 luminis

817 2566 1116 2631 claritate
1147 2565 1365 2642 exciti,
1400 2567 1625 2632 stratis
1671 2566 2008 2643 exsiliunt,
2041 2573 2407 2644 accurrunt,
2441 2566 2726 2651 quodam
2757 2589 2922 2652 prse-

817 2667 998 2753 sagio
1043 2667 1312 2731 modum
1357 2666 1767 2753 figuramque
1839 2667 2111 2732 luminis
2158 2669 2496 2732 intuentes
2541 2674 2921 2752 agnoscunt,

818 2767 1039 2852 sicque
1085 2767 1172 2832 ad
1217 2788 1337 2833 sua
1379 2766 1600 2832 Deum
1644 2768 2146 2855 magnificantes
2190 2768 2484 2834 redeunt.

478 2882 730 2935 Wilfi-id’s
906 2868 1253 2936 Wilfridus
1321 2891 1473 2957 ergo
1548 2870 1860 2937 nobiliter
1934 2876 2149 2948 natus,
2196 2869 2535 2955 nihiloque
2581 2870 2800 2934 minus
2845 2870 2919 2934 in

482 2951 654 3015 '⁰¹²⁰‘-
817 2973 1006 3037 bonis
1072 2972 1363 3038 moribus
1430 2972 1741 3038 nobiliter
1799 2973 2220 3058 postmodum
2283 2972 2614 3048 educatus,
2679 2970 2917 3037 habitu

819 3076 1359 3161 subsequentium
1406 3080 1675 3141 actuum
1722 3096 1989 3140 suorum
2034 3081 2259 3161 aperte
2306 3075 2561 3141 cunctis
2605 3075 2917 3151 innotuit,

818 3177 996 3262 quod
1041 3178 1113 3242 in
1157 3179 1517 3264 primordio
1547 3178 1708 3243 vitae
1754 3198 1892 3243 suae
1936 3198 2073 3242 non
2116 3178 2202 3243 ab
2245 3198 2316 3242 re
2361 3199 2559 3263 super
2601 3198 2752 3242 eum
2798 3177 2920 3241 lux

818 3301 854 3342 e
891 3278 1080 3361 ‚caelo
1143 3278 1564 3365 resplenduit.
1659 3277 1780 3341 Vir
1846 3284 2070 3344 autem
2134 3278 2364 3356 factus,
2427 3300 2504 3345 ac
2577 3278 2918 3344 literarum

484 3383 566 3435 He
590 3399 712 3449 goes
734 3394 788 3437 to
818 3380 1057 3445 studiis
1100 3400 1236 3445 non
1280 3379 1822 3445 inconvenienter
1884 3379 2201 3457 imbutus,
2245 3386 2325 3445 ut
2384 3380 2620 3446 altiora
2663 3380 2917 3446 contin·

482 3449 659 3501 Rome.
814 3490 1000 3568 geret
1043 3475 1342 3548 Romam'
1366 3483 1577 3561 adiit3
1620 3483 1845 3566 ibique
1890 3483 2210 3549 nonnulla
2253 3483 2617 3568 disciplinae
2663 3483 2918 3550 ecclesi-

2946 2357 3057 2408 cap.
3080 2342 3113 2394 i.

818 3584 1040 3649 asticae
1087 3583 1494 3660 documenta,
1542 3608 1672 3662 quae
1709 3592 1772 3646 in
1810 3591 2003 3662 patria
2059 3609 2168 3648 sua
2220 3585 2534 3672 nequibat,
2581 3584 2917 3650 Bonifacio
2942 3601 3071 3679 Ilgid.
3096 3617 3210 3668 cap.

821 3685 1114 3771 ejusdem
1178 3685 1351 3749 sedis
1418 3684 1875 3751 archidiacono
1921 3684 2242 3762 tradente,
2308 3687 2572 3776 accepit.
2673 3686 2919 3752 Verum
2939 3684 3024 3718 '¹¹‘

482 3793 642 3845 what
666 3796 790 3861 hup·
820 3808 970 3853 cum
1017 3787 1090 3851 in
1134 3788 1278 3873 ipso
1324 3787 1545 3853 studio
1600 3791 1770 3851 esset
1816 3793 1885 3851 et
1929 3785 2284 3852 hebetioris
2330 3787 2596 3875 ingenii,
2664 3809 2920 3855 necnon

483 3870 775 3979 ffifftffim·
820 3889 1066 3976 linguae
1111 3888 1548 3974 impeditioris
1600 3888 1931 3964 existeret,
1992 3888 2079 3952 ad
2124 3889 2484 3954 oratorium
2543 3889 2736 3956 Beati
2780 3891 2917 3954 An·

817 3992 991 4056 dreae
1036 3989 1338 4075 Apostoli
1384 4009 1521 4053 sese
1568 3987 1867 4063 contulit,
1914 3985 2218 4052 levamen
2262 4010 2457 4074 super
2502 3990 2647 4054 istis
2693 3995 2917 4076 postu-

820 4081 1089 4160 laturus.
1183 4092 1322 4157 Ubi
1351 4103 1677 4171 prostratus
1711 4097 1879 4152 humi
1937 4090 2154 4154 oravit
2220 4090 2729 4157 misericordiam
2790 4091 2917 4157 Dei
2941 4105 3072 4185 lpid.
3098 4123 3213 4173 cap.

817 4194 1073 4261 meritis
1131 4191 1436 4280 Apostoli
1498 4190 1619 4255 Sui
1688 4189 1816 4254 sibi
1878 4190 2252 4268 affuturam,
2314 4192 2565 4278 ingenii
2625 4214 2915 4271 acumen,
2940 4187 3007 4221 '¹‘

819 4298 1066 4384 linguae
1114 4293 1677 4361 dissertitudinem
1725 4291 2127 4377 largituram.
2209 4293 2381 4359 Mira
2423 4294 2588 4360 fides
2618 4294 2916 4361 hominis

821 4399 978 4465 Non
1021 4400 1206 4485 prius
1250 4399 1337 4463 ab
1379 4396 1674 4461 oratione
1720 4394 2023 4471 surrexit,
2073 4415 2271 4479 quam
2317 4397 2495 4481 quod
2538 4398 2809 4482 petebat
2851 4420 2920 4463 se

817 4500 1181 4585 percepisse
1241 4496 1630 4562 mirabiliter
1676 4494 2023 4560 intellexit.
2122 4503 2301 4559 Redit
2335 4505 2398 4559 in
2434 4522 2515 4570 se,
2545 4512 2605 4562 et
2629 4506 2922 4578 gratiosus
2941 4512 3077 4563 Ibid.

825 4606 1077 4662 miratur
1113 4626 1175 4663 se
1212 4607 1313 4678 qui
1352 4607 1545 4661 fuerat
1591 4607 1717 4677 jam
1753 4621 1873 4660 non
1909 4621 2057 4662 esse.
2149 4595 2376 4662 Romae
2421 4603 2573 4684 post
2616 4597 2757 4663 haec
2800 4597 2919 4661 ali-

817 4702 1136 4785 quamdiu
1203 4702 1595 4778 demoratus,
1666 4705 1735 4765 et
1800 4721 1936 4765 non
2008 4699 2204 4766 modo
2267 4700 2505 4765 studiis
2578 4700 2918 4765 literarum
