3600 5800
540 1726 543 1729 -
582 1693 635 1741 A
654 1707 759 1741 nun
773 1691 896 1741 with

583 1775 614 1810 a
636 1758 744 1810 stiff
761 1759 960 1824 handu

583 1827 683 1875 and
706 1840 815 1874 arm

587 1892 712 1957 begs
736 1900 788 1941 to
810 1893 873 1942 be
929 1901 959 1926 “

582 1958 797 2007 allowed
820 1964 873 2007 to
926 2006 957 2028 u

584 2025 724 2073 wash
744 2023 794 2073 in

564 2092 672 2142 *the
697 2098 870 2155 water,
925 2107 957 2132 «ε

581 2810 681 2859 aud
706 2808 747 2858 is

583 2877 753 2927 enred.

921 874 1053 937 100
1531 889 1696 939 vrrs
1742 890 2068 941 WILrRmI
2117 889 2418 941 EPISCOPI

918 1071 1225 1156 primitus
1271 1071 1598 1152 obediens,
1643 1079 1973 1160 postremo
2017 1080 2244 1142 tamen
2304 1074 2623 1141 mundare
2668 1095 2815 1141 eam
2859 1052 3026 1160 prae'-

920 1173 1111 1259 oepit.

1013 1277 1103 1341 Et
1144 1276 1270 1343 hoe
1327 1278 1603 1345 audiens
1663 1279 1967 1364 quaedam
2027 1281 2263 1347 debilis
2325 1281 2724 1369 paupercula
2787 1280 3030 1346 saneti-

922 1379 1242 1457 monialis,
1309 1401 1426 1465 per
1487 1380 1730 1445 multos
1793 1402 2016 1460 annos,
2064 1388 2143 1447 ut
2210 1383 2284 1447 in
2347 1383 2711 1470 Evangelio
2775 1401 3028 1448 cemen-

922 1480 1175 1559 tarius,l
1233 1482 1486 1548 aridam
1550 1504 1820 1549 manum
1889 1490 1960 1549 et
2021 1484 2322 1550 inutilem
2386 1486 2652 1562 habens,
2698 1484 2785 1569 ad
2828 1483 3028 1549 abba-

924 1585 1153 1651 tissam
1214 1586 1482 1663 aceedit,
1547 1607 1695 1653 eum
1764 1586 2121 1673 lachrymis
2187 1588 2633 1674 genuflectens
2692 1586 3032 1673 adjuravit

923 1708 1085 1765 eam,
1132 1687 1413 1754 dicens:
1441 1688 1589 1753 “In
1640 1676 1906 1754 nomine
1958 1688 2230 1755 Domini
2274 1689 2322 1754 J
2322 1711 2437 1756 esu
2486 1689 2753 1766 Christi,
2799 1694 2869 1754 et
2914 1709 3032 1775 pro

945 1790 1228 1857 ‘anima
1270 1790 1481 1857 saneti
1542 1791 1829 1878 episcopi
1889 1792 2010 1871 tui,
2056 1792 2329 1878 indulge
2376 1791 2542 1857 mihi
2606 1812 2753 1857 mea
2814 1792 3029 1875 deere-

1005 1893 1151 1979 pita
1212 1894 1506 1959 membra
1571 1894 1643 1958 in
1704 1893 1830 1960 hoe
1892 1893 2153 1960 lavaero
2221 1894 2459 1960 lavare.
2575 1894 2786 1960 Credo
2853 1893 3030 1959 enim

1003 1996 1385 2064 indubitata
1446 1996 1593 2073 fide,
1638 1996 1810 2062 hane
1871 2017 2083 2062 meam
2147 2017 2417 2062 manum
2479 1996 2908 2071 incurvatam,
2964 1999 3032 2060 et

1002 2097 1342 2164 brachium
1404 2096 1601 2183 longo
1659 2102 1953 2183 tempore
2014 2104 2475 2176 emareuatum,
2523 2097 2596 2162 in
2641 2118 2719 2162 eo
2771 2095 3029 2163 lavaero

925 2208 958 2234 “
1003 2222 1119 2286 per
1163 2199 1375 2267 saneti
1420 2198 1676 2265 sudoris
1726 2199 2280 2278 eommixtionem,
2327 2200 2471 2269 Deo
2516 2199 2796 2277 volente,
2845 2219 3030 2284 posse

926 2312 959 2336 “
1004 2303 1273 2369 sanari.”
1395 2302 1753 2369 Abbatissa
1819 2325 1977 2369 vero
2041 2304 2359 2390 religiosa,
2424 2325 2697 2369 renuere
2771 2302 3030 2394 timenS,

924 2405 1281 2471 seeundum
1350 2404 1547 2470 fidem
1622 2426 1810 2471 suam
1885 2405 2220 2473 licentiam
2284 2406 2484 2471 dedit.
2594 2405 2723 2471 Illa
2785 2403 3031 2470 etenim

923 2507 1152 2573 statim
1220 2529 1370 2574 eum
1432 2528 1569 2571 una
1629 2528 1833 2572 manu
1899 2508 2176 2574 alteram
2239 2509 2641 2574 insensatam
2700 2505 3030 2572 ealefaetae

923 2630 1115 2695 aquae
1163 2607 1403 2674 lexivae
1465 2608 1804 2687 immersit,
1855 2610 2352 2695 syndonemque
2419 2610 2661 2695 tetigit,
2711 2614 2781 2673 et
2841 2607 3029 2692 stipi-

924 2717 1060 2776 tem
1134 2711 1337 2777 aridae
1413 2732 1648 2777 manus
1723 2732 1875 2777 eum
1957 2713 2355 2778 vestimento
2445 2713 2684 2779 fricans
2758 2709 3030 2776 lavavit.

924 2813 1181 2879 Deinde
1252 2812 1442 2899 (quid
1508 2814 1716 2902 magis
1781 2836 1998 2880 moror
2059 2817 2133 2879 in
2193 2815 2411 2883 verbis
2434 2815 2485 2903 2)
2551 2814 2746 2902 digiti
2814 2812 3029 2889 erecti,

924 2938 1159 2981 manus
1234 2917 1588 2994 vivifieata²
1652 2917 1920 2984 brachio
1995 2919 2300 2984 roborato
2361 2940 2403 2983 a
2465 2923 2652 2984 tactu
2714 2915 3032 3002 syndonis

919 3041 1036 3104 per
1065 3019 1263 3084 fidem
1307 3020 1682 3097 sanabatur,
1720 3019 1897 3086 sieut
1932 3020 2218 3086 mulier
2201 3042 2273 3084 in
2306 3020 2686 3106 EvangeIiO,
2720 3018 2991 3085 Moerisa
3007 3014 3032 3056 2

892 3122 1202 3210 nomine,
1248 3143 1292 3188 a
1342 3121 1670 3208 profluvio
1737 3121 2082 3209 sanguinis
2149 3129 2385 3189 sanata
2443 3128 2560 3200 est,
2609 3141 2758 3207 quae
2804 3118 3033 3204 tetigit

920 3223 1246 3290 fimbriam
1291 3224 1674 3290 vestimenti
1719 3223 1767 3288 J
1766 3246 1925 3304 esu
1968 3230 2170 3311 atque
2207 3225 2456 3312 gratias
2498 3244 2701 3310 agens
2745 3221 3032 3289 Domino

919 3326 994 3392 in
1038 3323 1452 3394 mirabilibus
1498 3325 1655 3393 Suis
1699 3275 2019 3393 laudabat
2065 3327 2250 3393 Eum.

1612 3568 2057 3652 [CAHTULUM
2106 3565 2378 3652 LXVI]

918 3719 1342 3805 [Umlalense
1382 3720 1879 3788 monasterium
1921 3740 1998 3786 ex
2035 3726 2234 3806 parte
2278 3715 2535 3786 coelitus
2579 3715 2961 3801 servatum]
2984 3716 3008 3754 ³

1011 3873 1165 3938 Alio
1218 3894 1475 3960 quoque
1542 3873 1614 3937 in
1677 3878 1988 3958 tempore,
2048 3872 2375 3936 Dominus
2438 3871 2756 3937 Sanctum
2803 3842 3028 3946 Suum,

922 3976 1299 4061 pontificem
1345 3977 1660 4052 nostruin,
1706 3975 2025 4040 mirantei
2064 3972 2478 4051 laudabilem,
2511 3995 2688 4038 more
2735 3972 2870 4038 Suo
2914 3971 3028 4036 ho-

996 4164 1007 4193 ¹
1067 4160 1412 4225 cementarius]
1476 4160 1525 4210 It
1581 4175 1703 4224 may
1748 4160 1812 4209 be
1857 4158 1933 4207 in-
2024 4158 2139 4225 gius
2183 4160 2276 4208 has
2319 4108 2584 4222 appended
2627 4165 2683 4208 to
2727 4158 2807 4208 his
2851 4155 3030 4220 mystic

928 4242 1108 4302 ferred,
1152 4240 1282 4291 from
1326 4255 1394 4288 an
1439 4237 1667 4288 instance
1723 4235 1773 4286 in
1826 4235 1934 4287 Du·
2025 4237 2386 4302 Commentary
2401 4253 2466 4287 on
2484 4236 2572 4288 tlie
2589 4237 2880 4301 Deealogue
2898 4240 3032 4299 (4to,

928 4320 1230 4393 cange,t}iat
1242 4317 1347 4368 this
1363 4316 1566 4367 eui-ioue
1585 4318 1724 4366 word
1740 4331 1933 4379 means,
2024 4314 2335 4377 Leovardiae,
2385 4317 2541 4376 1700)
2588 4331 2652 4365 an
2699 4314 3028 4380 explanation

927 4408 1018 4450 not
1039 4416 1073 4449 a
1093 4414 1271 4449 mason
1295 4394 1621 4461 technieally‚
1635 4398 1727 4445 but
1751 4413 1783 4445 a
1807 4412 1933 4460 poor
2022 4400 2054 4424 “
2091 4397 2154 4447 de
2176 4395 2386 4446 muliere
2417 4394 2804 4445 hoemorrhoissa
2825 4391 3028 4444 sanitati

926 4494 1047 4528 man
1068 4493 1128 4527 or
1166 4477 1416 4538 labeni-er,
1450 4478 1485 4505 “
1500 4473 1585 4539 qui
1609 4473 1801 4524 vietum
1824 4489 1932 4524 ma-
2022 4477 2052 4504 “
2089 4474 2377 4537 restituta,”
2414 4474 2468 4524 in
2508 4473 2674 4524 which
2711 4473 2778 4524 he
2823 4472 3033 4524 collecte

926 4561 956 4584 “
990 4555 1140 4609 nibus
1164 4553 1447 4618 quaeritat.’'
2020 4554 2090 4604 all
2114 4554 2202 4604 the
2224 4553 2491 4605 traditione
2513 4554 2670 4604 about
2694 4553 2801 4604 her.

991 4633 1013 4667 ²
1045 4632 1261 4684 Moerisa
1281 4649 1339 4684 or
1360 4631 1601 4684 Moert‘ssa
1623 4631 1667 4682 is
1691 4630 1931 4682 intended
2086 4631 2109 4663 ²
2141 4630 2267 4684 This
2311 4630 2535 4698 heading
2583 4630 2626 4682 is
2675 4631 2841 4682 added
2895 4631 3030 4682 from

926 4724 979 4767 to
1018 4717 1083 4766 be
1118 4732 1152 4766 a
1186 4714 1595 4766 translationes
1631 4714 1718 4764 the
1758 4713 1930 4766 Greek
2021 4713 2161 4767 Gale.
2229 4711 2342 4765 'Hie
2364 4711 2522 4766 MSS.
2548 4708 2749 4763 omitit.

924 4797 1065 4846 word
1087 4792 1404 4856 Αἶμοῤῥοῦσα.
1462 4795 1690 4845 Hermen
1713 4791 1929 4844 Deusin-
