3600 5800
1304 892 1606 942 muscom
1654 892 2133 942 ssomcrmsm.
2635 881 2762 947 249

659 1101 832 1166 pore,
871 1079 1163 1166 jocunda
1220 1078 1644 1165 frequentans
1707 1078 2023 1146 relatione
2085 1078 2490 1144 curationem
2551 1078 2678 1144 sibi
2724 1100 2765 1144 a

662 1182 854 1248 beato
898 1181 1176 1267 praesule
1222 1181 1600 1266 impensam.

1396 1415 1840 1501 [CAPIT-omn
1885 1416 2029 1502 VI.]

696 1579 793 1646 De
836 1580 1138 1668 quadam
1180 1578 1710 1666 matrefamilias
1753 1601 1967 1667 quam
2008 1579 2348 1646 &nvitatus
2392 1578 2486 1643 ad
2523 1598 2740 1664 pran-

1446 1681 1651 1748 dium
1693 1681 1981 1748 sanavit.

751 1828 1086 1894 Invitatus
1133 1849 1394 1915 quoque
1447 1827 1556 1893 hic
1601 1828 1743 1893 Deo
1790 1827 2036 1893 electus
2104 1825 2408 1911 pontifex
2451 1826 2539 1890 ad
2582 1826 2765 1891 dedi·
2793 1837 2938 1889 John
2958 1853 3083 1914 goes

661 1931 935 1997 eandam
981 1930 1319 1996 ecclesiam
1364 1928 1560 2005 villae,
1594 1949 1743 2012 quae
1787 1927 2123 1993 Australis
2169 1928 2435 1992 Burtun
2453 1927 2477 1965 ¹
2510 1927 2766 2005 dicitur,
2793 1905 3103 2020 {fledgffffi

663 2031 857 2097 officii
888 2032 991 2095 sui
1025 2052 1162 2095 non
1193 2031 1573 2093 instrenuus
1604 2033 1917 2094 executor
1961 2029 2254 2105 accessit,
2288 2043 2357 2093 et
2400 2028 2734 2096 dedicavit
2754 2054 2770 2109 ;
2793 2035 2856 2086 of
2872 2036 3036 2086 South

663 2130 1111 2217 perfectisque,
1185 2134 1263 2193 ut
1329 2149 1470 2193 mos
1525 2134 1640 2206 est,
1694 2128 2024 2206 omnibus,
2075 2130 2163 2195 ad
2225 2130 2489 2216 propria
2554 2131 2766 2195 redire
2795 2102 3014 2162 Burton,

662 2231 894 2298 voluit.
987 2231 1055 2295 Is
1101 2252 1274 2306 vem,
1320 2229 1508 2315 cujus
1538 2228 1700 2294 villa
1749 2227 1941 2307 erat?
1986 2231 2102 2316 qui
2146 2228 2297 2297 eum
2342 2232 2766 2312 invitaverat,
2796 2238 2873 2291 Cf·
2898 2239 3058 2298 Beda,

663 2331 963 2419 precibus
1007 2329 1397 2395 humillimis
1443 2351 1592 2396 cum
1637 2331 1774 2395 suis
1820 2332 2115 2398 instabat
2134 2330 2162 2371 ⁸
2204 2338 2283 2398 ut
2330 2333 2598 2398 domum
2628 2335 2770 2421 ejus
2794 2320 2845 2354 v.
2862 2311 2932 2433 ς’.

664 2433 958 2509 intraret,
1020 2437 1090 2496 et
1150 2452 1235 2496 ex
1294 2429 1437 2516 ejus
1481 2431 1791 2516 obsequio
1838 2431 2190 2518 prandium
2237 2433 2621 2519 dignaretur
2663 2456 2769 2502 ac·
2795 2399 3107 2500 ἓιῗιειῖῗαίιιοᾱ

664 2535 892 2621 cipere.
986 2532 1115 2599 cni
1160 2552 1310 2598 cum
1355 2537 1621 2598 sanctus
1682 2532 1810 2598 Dei
1856 2532 2195 2600 Johannes
2256 2535 2501 2602 diceret
2559 2537 2771 2623 magis
2795 2517 2863 2581 ¹³5
2885 2516 2975 2631 ὡς
3022 2582 3051 2631 f

662 2637 1037 2723 episcopum
1082 2636 1306 2702 decere
1351 2635 1439 2700 ad
1481 2637 1952 2701 monasterium
1983 2638 2208 2717 redire,
2240 2643 2311 2705 et
2340 2637 2482 2703 Deo
2512 2638 2585 2703 in
2616 2637 2773 2705 Suis
2795 2598 3107 2714 l’lssneilssge.

662 2738 1061 2826 pauperibus
1120 2737 1382 2814 servire,
1445 2758 1647 2822 quam
1715 2759 1833 2822 per
1908 2738 2135 2805 domos
2194 2740 2484 2807 divitum
2545 2742 2769 2810 convi-

662 2862 855 2923 vare3
899 2839 1236 2928 promissis
1275 2838 1400 2904 sub
1447 2839 1570 2907 hac
1617 2840 1836 2928 gratia
1865 2840 2299 2930 eleemosynis
2336 2844 2654 2931 pluribus,
2703 2850 2772 2911 et

663 2943 950 3009 maxime
1017 2942 1224 3008 Beato
1294 2941 1635 3008 Berthuno
1654 2942 1682 2982 ⁴
1743 2943 1919 3010 idem
1984 2944 2336 3030 pollicente
2401 2969 2769 3033 persuasus,

662 3067 996 3112 assensum
1039 3045 1310 3110 tandem
1356 3043 1645 3130 praebuit
1688 3045 2123 3129 poscentibus
2335 3112 2340 3116 .

752 3146 1254 3214 Mater-familias
1297 3152 1540 3222 autem,
1572 3165 1745 3209 uxor
1790 3148 1932 3233 ejus
1979 3148 2095 3231 qui
2140 3169 2292 3213 eum
2346 3149 2770 3228 invitaverat,
2795 3158 2905 3209 The
2928 3163 3042 3208 wife

661 3250 850 3337 gravi
911 3249 1197 3334 corporis
1258 3247 1715 3311 invaletudine
1779 3247 2246 3325 detinebatur‚⁶
2331 3250 2430 3315 ita
2489 3257 2570 3316 ut
2619 3252 2770 3337 plus
2796 3223 3110 3353 ξ’ξὲζιὲζᾟζ

665 3351 879 3415 tribus
941 3347 1329 3433 septimanis
1374 3346 1542 3413 lecto
1589 3346 1987 3412 decumbens
2032 3349 2529 3433 periclitaretur.
2625 3351 2772 3432 Quo
2796 3354 2870 3402 ill·

666 3455 1014 3535 compert0‚
1047 3449 1153 3511 vir
1183 3447 1328 3523 Dei,
1361 3469 1558 3511 verus
1590 3447 1882 3514 medicus
1912 3449 2284 3514 animarum
2315 3456 2385 3515 et
2414 3472 2772 3538 corporum,

669 3553 751 3617 de
796 3550 986 3636 aquis
1016 3550 1104 3615 ad
1134 3548 1565 3615 dedicandam
1614 3548 1952 3615 ecclesiam
2003 3553 2393 3617 consecratis
2434 3553 2638 3639 jussit
2688 3553 2775 3620 ad

670 3675 815 3721 eam
860 3651 1111 3739 portari
1136 3647 1198 3729 3⁰
1242 3657 1311 3716 et
1369 3651 1485 3715 ubi
1531 3650 1742 3715 morbi
1812 3651 1996 3717 dolor
2061 3653 2274 3720 acrius
2335 3657 2626 3742 urgebat,
2689 3679 2774 3722 ex
2801 3669 2945 3722 John
2970 3684 3113 3720 eures

669 3758 897 3825 eadem
942 3775 1115 3840 aqua
1176 3752 1393 3840 rigari.
1489 3753 1635 3834 Quo
1703 3753 1878 3819 facto
1941 3755 2154 3820 omnis
2221 3757 2486 3823 morbus
2554 3759 2776 3824 subito
2799 3733 3110 3866 ξξῖγξζὴωτ.

671 3861 957 3947 fugatur,
1005 3861 1075 3922 et
1117 3855 1235 3920 illa
1279 3855 1350 3919 in
1403 3876 1652 3928 novum
1713 3855 2021 3922 sanitatis
2065 3858 2360 3945 vigorem
2420 3867 2774 3946 reparatur.

737 4139 754 4172 ¹
790 4137 954 4191 South
1022 4135 1239 4197 Baton,
1304 4149 1419 4184 now
1509 4134 1672 4184 called
1776 4137 1808 4163 ‘⁶
1843 4133 1971 4185 obiit
2004 4140 2035 4186 8
2075 4134 2140 4187 id.
2165 4136 2321 4187 Mart.
2348 4133 2444 4189 ⁷42
2464 4138 2497 4164 ”
2531 4137 2687 4202 (Vita
2720 4139 2775 4191 S.

673 4220 868 4282 Bishop
890 4216 1107 4274 Rumon,
1148 4215 1195 4263 is
1232 4212 1425 4264 distant
1447 4214 1672 4264 between
1775 4214 1815 4266 J
1816 4213 2049 4277 ohannis,
2104 4217 2241 4280 apud
2296 4217 2506 4268 Lelandi
2563 4217 2775 4270 Collect.

674 4308 775 4350 two
799 4298 902 4347 and
923 4297 1068 4347 three
1089 4293 1233 4344 miles
1253 4293 1384 4345 from
1407 4294 1671 4358 Beverley.
1774 4295 1855 4345 ed.
1879 4296 2026 4356 1774,
2046 4294 2117 4347 iii.
2146 4300 2285 4363 100).

673 4377 842 4429 North
863 4376 1063 4426 But-ton
1093 4373 1137 4424 is
1157 4388 1270 4423 now
1294 4373 1456 4424 called
1479 4371 1672 4436 cham-y
1841 4373 1863 4405 ⁸
1895 4373 2144 4441 instabat]
2185 4375 2357 4437 instat,
2376 4377 2446 4426 A.

671 4456 889 4506 Burton.
1842 4455 1861 4483 ⁴
1896 4452 2188 4520 Ber-cluvano]
2229 4455 2521 4518 Brithtuno,
2542 4459 2610 4508 A.

738 4534 761 4567 ²
794 4532 986 4583 “Vina
1026 4537 1134 4584 erat
1170 4529 1369 4581 comitis
1391 4530 1674 4593 cujusdam,
1841 4529 1862 4560 ⁵
1895 4528 2232 4595 defluebam]
2274 4528 2623 4594 distinebatur,
2644 4532 2714 4582 A.

674 4620 706 4644 “
741 4613 827 4678 qni
866 4613 1147 4663 vocabatur
1177 4609 1371 4661 Puch’'
1413 4608 1601 4671 (Beda,
1623 4623 1674 4657 v.
1843 4606 1866 4639 ⁶
1885 4608 2041 4672 jusit
2086 4608 2159 4658 ad
2203 4625 2308 4659 eam
2347 4610 2573 4677 portat-1]
2630 4611 2781 4675 jussit

672 4695 755 4756 4).
821 4695 855 4722 “
879 4690 1130 4752 Yolfrida,
1151 4687 1257 4739 mia
1291 4686 1492 4738 comitis
1513 4686 1675 4749 Pueh,
1778 4700 1893 4736 eam
1915 4692 2110 4749 potare,
2132 4687 2204 4738 A.

676 4776 707 4802 “
740 4770 974 4823 monialis
1030 4770 1168 4821 faeta
1231 4768 1367 4833 apud
1411 4765 1672 4825 Beverlic;
