3600 5800
1260 877 1581 928 moroan
1624 875 1986 925 mommo
2542 854 2675 925 437

573 1066 1024 1154 probatissimi
1069 1065 1216 1144 viri,
1264 1070 1333 1131 et
1379 1065 1750 1153 dignissimi
1795 1065 2086 1144 abbateS‚
2116 1064 2331 1131 niveis
2376 1063 2674 1131 vestibus

568 1171 809 1248 induti,
853 1173 1032 1235 ostro
1074 1173 1276 1254 atque
1322 1168 1607 1254 corporis
1656 1167 1820 1255 (sic).

661 1273 862 1339 Hunc
905 1271 1237 1357 inclytum
1284 1270 1650 1337 exercitum
1696 1270 2143 1356 sequebantur
2185 1275 2504 1337 matronae
2557 1292 2671 1336 ex-

569 1373 748 1439 imiae
792 1373 1068 1438 virtutis
1112 1370 1464 1438 abbatissae
1526 1392 1676 1438 cum
1719 1371 1985 1438 filiabus
2029 1371 2345 1459 gloriosis,
2395 1393 2556 1458 quos
2602 1377 2673 1438 et

569 1496 733 1561 quas
799 1474 1160 1541 multitudo
1212 1473 1764 1560 presbyterorum,
1812 1495 1976 1560 quos
2020 1478 2327 1560 gerontas
2387 1474 2672 1539 seniores

568 1576 1009 1663 appellabant,
1074 1575 1283 1642 secuti
1360 1581 1536 1654 sunt,
1607 1597 1757 1642 cum
1823 1575 2200 1662 agminibus
2271 1573 2669 1642 clericorum.

568 1681 984 1766 Acceperunt
1027 1678 1267 1745 dehinc
1313 1678 1445 1744 duo
1490 1677 1778 1765 episcopi
1840 1699 2076 1743 manus
2120 1677 2310 1765 regis,
2358 1677 2473 1763 qui
2519 1699 2671 1743 eum
2697 1686 2751 1764 ᾼ
2775 1687 3000 1751 descrip-

570 1782 991 1850 deduxerunt
1033 1782 1121 1848 ad
1165 1781 1523 1860 ecclesiam,
1554 1779 1810 1845 cunctis
1854 1778 1993 1846 alta
2037 1784 2106 1845 et
2136 1778 2477 1845 modulata
2523 1800 2672 1846 con·
2696 1753 2995 1870 3521&th

573 1885 949 1950 cinentibus
1025 1905 1187 1951 voce
1245 1883 1421 1949 hanc
1479 1880 1935 1969 antiphonam,
2010 1880 2361 1947 Fimaetur
2419 1902 2675 1948 manus
2701 1898 2837 1947 Psal.

571 1993 712 2064 twa,
745 1993 805 2052 et
834 1985 1161 2053 eoealtetur
1191 1985 1459 2053 deoetera
1489 1992 1658 2065 tua;
1698 1981 1988 2068 justitia
2015 1989 2075 2050 et
2091 1981 2455 2068 judiciam
2495 2006 2675 2070 prae-
2699 1965 2975 2096 ffiffss]

562 2087 845 2174 pamatio
905 2087 1083 2155 sedis
1134 2095 1289 2166 tuce,
1331 2084 1809 2154 misemordia
1859 2091 1919 2151 et
1977 2083 2226 2153 veritas
2284 2085 2675 2172 praecedant

555 2189 814 2277 faciem
857 2196 1068 2257 tuam.
1160 2191 1309 2257 Hac
1351 2190 1546 2255 finita
1589 2187 1971 2274 antiphona,
2042 2186 2281 2256 Glomla
2343 2187 2568 2267 Patri,
2616 2196 2675 2256 et

569 2291 770 2369 Filio,
803 2300 861 2358 et
904 2291 1216 2379 Spiadtwae:
1258 2293 1504 2360 Sancto
1533 2291 2001 2377 adjunxerunt.
2096 2288 2398 2375 Cumque
2444 2313 2675 2378 perve-

568 2394 823 2460 nissent
866 2396 940 2459 in
983 2395 1335 2473 ecclesiam,
1379 2399 1450 2460 et
1493 2415 1614 2458 rex
1657 2397 1815 2458 ante
1861 2391 2070 2458 altare
2114 2412 2185 2456 se
2214 2396 2674 2478 prosterneret,

569 2496 955 2583 deponendo
999 2497 1183 2583 prius
1244 2495 1618 2563 diademam
1665 2495 1746 2560 de
1792 2494 2026 2581 capite,
2074 2494 2327 2581 incepit
2371 2495 2675 2584 princeps

569 2598 1019 2684 episcoporum
1095 2598 1488 2664 Dunstanus
1565 2596 1894 2684 hymnum
1969 2596 2341 2682 glorificum
2416 2599 2676 2666 excelsa

569 2721 746 2778 voce,
815 2700 900 2767 Te
945 2700 1166 2768 Dewm
1226 2695 1619 2777 laudamine,
1674 2699 1759 2766 Te
1818 2697 2203 2766 Domi‘rmm
2261 2699 2672 2786 confitemur.

569 2800 720 2889 Ipse
766 2807 990 2868 autem
1052 2824 1471 2889 nequaquam
1514 2802 1740 2889 potuit
1781 2822 1852 2867 se
1912 2808 2182 2888 propter
2225 2802 2545 2889 gaudium
2607 2809 2676 2870 et

568 2907 740 2996 regis
784 2907 1234 2974 humilitatem
1280 2907 1611 2974 abstinere
1656 2927 1699 2972 a
1728 2905 1912 2984 fletu,
1945 2907 2105 2992 quia
2134 2905 2469 2974 intellexit
2499 2911 2673 2994 quod

568 3032 730 3098 gens
797 3010 931 3076 ista
974 3032 1109 3077 non
1177 3010 1525 3076 meruisset
1577 3014 1718 3074 tam
1782 3007 2121 3087 humilem,
2168 3014 2437 3098 tamque
2500 3013 2674 3099 sapi-

574 3117 794 3177 entem
839 3112 1097 3177 habere.
1189 3112 1415 3176 Finito
1459 3111 1714 3196 hymno
1761 3109 2197 3176 elevaverunt
2241 3114 2528 3200 episcopi
2573 3136 2673 3179 re-

568 3234 718 3299 gem
748 3232 791 3277 a
820 3216 1012 3277 terra.
1089 3211 1261 3290 Tria,
1307 3212 1754 3298 interrogante
1798 3211 2301 3299 archiepiscopO,
2339 3214 2497 3300 jura
2525 3238 2673 3301 pro-

571 3313 756 3379 misit
800 3334 868 3379 se
914 3317 1347 3379 servaturum.
1440 3320 1474 3348 “
1499 3312 1583 3376 In
1628 3311 1860 3398 primis
1904 3313 2222 3399 promitto
2267 3321 2346 3381 ut
2407 3317 2676 3384 ecclesia
2698 3327 2922 3406 Edgar’s·

575 3422 609 3451 “
652 3413 780 3480 Dei
856 3419 927 3479 et
1000 3413 1215 3480 omnis
1290 3411 1570 3500 populus
1648 3408 2068 3479 Christianus
2142 3437 2366 3483 veram
2448 3440 2675 3505 pacem
2699 3403 2995 3513 ggtrgnatxon

577 3526 613 3555 “
657 3521 882 3584 nostro
927 3515 1204 3582 arbitrio
1270 3516 1344 3580 in
1412 3515 1592 3581 omni
1659 3519 1955 3602 tempore
2019 3524 2376 3585 conservet.
2470 3521 2677 3588 Aliud

572 3629 610 3659 “
653 3619 988 3709 promitto,
1020 3624 1101 3685 ut
1130 3618 1525 3706 rapacitates
1569 3623 1639 3684 et
1667 3638 1893 3684 omnes
1938 3618 2326 3706 iniquitates
2372 3624 2677 3692 omnibus

577 3733 612 3761 “
655 3724 971 3813 gradibus
1024 3722 1431 3789 interdicam.
1524 3720 1843 3800 Tertium,
1889 3727 1970 3788 ut
2012 3723 2085 3787 in
2129 3725 2434 3792 omnibus
2492 3727 2678 3813 judi-

577 3836 610 3864 “
655 3828 775 3896 ciis
819 3826 1206 3911 aequitatem
1252 3829 1322 3891 et
1365 3822 1878 3891 misericordiam
1938 3825 2332 3912 praecipiam‚
2387 3834 2466 3894 ut
2510 3830 2676 3896 mihi

575 3938 611 3968 “
654 3935 725 3998 et
775 3928 966 3995 vobis
1025 3927 1372 4014 indulgeat
1418 3926 1623 3993 Suam
1682 3927 2193 3994 misericordiam
2262 3929 2545 3997 clemens
2607 3938 2677 3999 et

575 4043 610 4069 “
657 4031 1022 4099 misericors
1089 4029 1324 4096 Deus.'’
1441 4028 1794 4115 Explicitis
1871 4030 2412 4117 promissionibus
2486 4035 2677 4100 stetit

575 4134 1000 4224 archipraesul
1044 4140 1115 4199 et
1160 4132 1379 4199 oravit
1423 4154 1542 4218 pro
1587 4153 1664 4197 eo
1710 4132 2040 4199 orationes
2086 4156 2235 4220 quae
2279 4135 2351 4200 in
2411 4134 2675 4202 illorum

573 4242 762 4308 libris
807 4241 1068 4326 scriptae
1114 4242 1288 4303 sunt.
1380 4236 1639 4303 Deinde
1687 4238 2041 4304 secundam
2105 4239 2281 4304 dixit
2328 4240 2676 4308 Oswaldus

573 4343 826 4412 Christi
870 4341 1173 4407 minister
1218 4340 1381 4406 satis
1426 4339 1776 4426 eleganter,
1821 4345 1972 4425 post
2015 4340 2172 4419 haec,
2218 4342 2391 4409 sicut
2435 4345 2675 4410 consti-

574 4449 712 4515 tuit
778 4449 984 4533 pater,
1050 4444 1239 4530 cujus
1306 4442 1601 4528 imperiis
1669 4463 1896 4508 omnes
1948 4443 2285 4529 parebant.
2400 4444 2675 4515 Peracta

574 4546 1062 4618 consecratione
1106 4550 1448 4610 unxerunt
1492 4565 1662 4622 eum,
1708 4549 1779 4610 et
1823 4545 2032 4611 nobili
2078 4553 2398 4613 concentu
2439 4548 2673 4616 decan-

574 4655 892 4720 taverunt
980 4647 1433 4734 antiphonam,
1521 4646 1879 4713 Umerwnt
1949 4645 2378 4735 Salomonem
2458 4650 2674 4719 Sadoc
2703 4663 2727 4710 1
2757 4659 2949 4711 chron.
2973 4657 3009 4709 i.

574 4753 876 4824 sacerdos
920 4758 980 4820 et
1027 4750 1103 4817 N
1097 4749 1312 4818 athoen
1348 4749 1678 4838 propheta
1735 4771 1955 4835 regem
2011 4749 2099 4818 i‘n
2145 4750 2335 4832 Sion,
2383 4759 2452 4820 et
2495 4777 2673 4823 acce-
2697 4730 2781 4778 ⁴⁵·
