3600 5800
1126 887 1542 953 CAPGRAVE'S
1589 904 1747 953 usn
1793 905 1881 953 OF
1927 905 2239 954 mnf-1111).
2602 892 2726 954 501

717 1085 999 1172 Per-gens
1075 1087 1299 1173 itaque
1362 1112 1592 1156 versus
1665 1096 1888 1178 partes
1951 1093 2269 1159 australes
2336 1112 2378 1156 a
2445 1091 2729 1177 quodam
2755 1093 2987 1155 Eadmer,

627 1187 1040 1253 Brithwaldo
1114 1188 1317 1254 fratre
1392 1201 1548 1271 regis
1609 1201 1962 1256 Merciorum
2011 1201 2314 1257 Ethelredi
2376 1193 2728 1260 honorifice
2754 1175 2976 1278 cgpx’vffi

627 1278 998 1362 suseipitur,
1046 1283 1116 1342 et
1162 1300 1309 1363 quae
1354 1281 1718 1345 necessaria
1762 1281 1862 1344 illi
1910 1285 2100 1344 erant
2157 1289 2413 1362 benigne
2474 1285 2728 1370 impen-
2754 1306 2959 1356 Wilfrid
2986 1306 3029 1355 5„-

627 1377 842 1442 debat.
937 1385 1170 1441 Invidia
1222 1385 1445 1445 tamen
1493 1388 1707 1444 diaboli
1747 1383 1841 1446 sic
1904 1381 2093 1444 illum
2163 1382 2431 1447 tandem
2500 1385 2731 1450 infecit
2753 1372 3009 1451 baniskgefl.

626 1483 707 1542 ut
766 1478 1047 1543 militem
1102 1479 1353 1546 Christi
1413 1481 1868 1547 munificentia
1929 1487 2204 1546 exutum
2249 1504 2293 1548 a
2335 1505 2404 1549 se
2464 1487 2729 1572 suisque
2754 1439 3020 1556 &agidam

626 1581 931 1646 omnibus
977 1580 1305 1648 eliminari
1358 1583 1529 1649 feeit.
1624 1583 1929 1649 Timebat·
1973 1584 2149 1648 enim
2195 1592 2393 1648 fratris
2429 1594 2729 1661 offensam,
2755 1578 2942 1621 coum·

628 1681 730 1751 qui
767 1697 1027 1735 sororem
1060 1681 1223 1752 regis
1259 1681 1493 1754 ngridi
1528 1681 1785 1737 habebat
1820 1694 2110 1738 uxorem.
2178 1671 2415 1757 Sicque
2446 1685 2730 1756 multipli-

624 1769 775 1824 citer
799 1769 1048 1824 afflictus
1084 1770 1154 1831 et
1188 1771 1516 1844 injuriatus,
1550 1787 1666 1839 quo
1694 1770 1886 1840 magis
1914 1768 2370 1825 adversitatibus
2392 1770 2729 1839 feriebatur,

625 1872 693 1910 eo
730 1857 981 1928 amplius
1018 1861 1093 1916 ad
1130 1876 1307 1932 opera
1360 1858 1472 1914 Dei
1521 1854 1591 1914 et
1634 1849 2027 1934 patientiam
2072 1870 2141 1913 se
2186 1849 2479 1934 parabat.
2549 1858 2735 1915 Venit

624 1944 864 1999 tandem
913 1946 987 2001 ad
1035 1949 1258 2003 curiam
1297 1946 1457 2018 regis
1514 1938 1860 2003 Kentwini
1906 1944 1976 2003 et
2033 1946 2175 2002 satis
2229 1947 2483 2003 humane
2528 1939 2731 2005 susei-

625 2023 824 2108 pitur,
872 2027 985 2091 sed
1034 2033 1525 2106 quemadmodum
1580 2034 1746 2101 alias,
1783 2035 1870 2090 sie
1923 2041 1986 2091 et
2033 2034 2255 2090 ibidem
2312 2035 2590 2092 daemonis
2641 2036 2727 2092 in.

623 2120 842 2175 etinctu
877 2124 1156 2178 femineas
1194 2139 1401 2196 passus
1451 2127 1540 2178 est
1574 2122 1712 2179 iras.
1804 2123 2109 2194 Siquidem
2163 2115 2336 2202 regis
2404 2141 2549 2180 uxor
2607 2128 2734 2180 erat

624 2227 786 2265 soror
821 2210 1265 2283 Ermenburgis,
1293 2210 1578 2266 malorum
1613 2212 1738 2267 fere
1773 2212 2057 2279 omnium,
2091 2229 2222 2283 quae
2258 2205 2403 2270 viro
2449 2213 2558 2268 Dei
2622 2226 2732 2270 ae·

624 2290 939 2367 ciderant,
987 2300 1278 2356 auctricis.
1354 2300 1500 2355 Haec
1535 2300 1722 2371 igitur
1756 2291 2140 2356 wilfridum
2186 2292 2417 2358 multis
2462 2292 2727 2379 mjuriis

622 2378 942 2444 afflictum
987 2401 1029 2444 a
1072 2380 1210 2444 suis
1253 2379 1498 2444 finibus
1543 2380 1787 2465 expelli
1831 2380 2004 2446 fecit.

714 2469 1015 2534 Perrexit
1060 2491 1213 2555 ergo
1272 2469 1359 2534 ad
1403 2477 1763 2548 provinciam
1799 2477 2170 2534 Australium
2221 2479 2534 2545 Saxonum,
2577 2492 2727 2557 quae
2752 2479 3004 2558 Mer,-

623 2558 960 2643 paganicis
1024 2558 1351 2623 erroribus
1417 2556 1633 2623 adhuc
1701 2559 2049 2635 serviebat,
2096 2564 2165 2623 et
2227 2560 2502 2624 verbum
2570 2560 2727 2626 fidei
2751 2561 3062 2637 ⁰⁸P·¹‚¹¹,¹¹·

623 2648 1061 2712 ministrabat.
1123 2657 1268 2711 Erat
1297 2659 1496 2710 autem
1529 2672 1628 2709 rex
1652 2656 1849 2726 gentis
1884 2658 2063 2725 illius,
2092 2646 2551 2728 Ethelwaleus,
2575 2671 2728 2736 sug-
2751 2624 2958 2675 wssfnd
2977 2641 3031 2675 ¹¹²

620 2742 887 2823 gerente
933 2759 1083 2824 rege
1129 2736 1523 2802 Marciorum
1553 2734 1820 2816 Wlfero,
1864 2750 2195 2822 baptizatus
2222 2765 2340 2803 non
2376 2749 2562 2803 multo
2590 2752 2727 2803 ante
2754 2690 2965 2743 8⁰⁸⁸&

621 2837 694 2903 in
739 2838 1080 2925 provincia
1131 2837 1543 2915 Mel-ciorum,
1589 2858 1630 2903 a
1675 2859 1807 2925 quo
1859 2841 1940 2907 de
2003 2842 2185 2909 fonte
2232 2861 2525 2928 egressus
2587 2838 2729 2905 loeo

621 2942 746 3007 filii
809 2948 1149 3029 susceptus
1213 2948 1349 3021 est3
1413 2941 1486 3005 in
1531 2940 1719 3026 eujus
1783 2944 2048 3031 signum
2123 2943 2498 3031 adoptionis
2565 2943 2730 3008 dans

621 3045 722 3109 illi
783 3045 1172 3131 provincias,
1241 3042 1516 3109 Vectam
1579 3044 1829 3110 scilicet
1893 3047 2196 3124 insulam,
2260 3052 2331 3111 et
2396 3044 2729 3131 quandam

620 3147 1030 3231 provinciam
1075 3145 1147 3209 in
1209 3149 1406 3231 gente
1454 3143 1980 3211 Occidentalium
2029 3148 2370 3214 Saxonum
2434 3146 2726 3211 donavit.

622 3234 858 3318 Itaque
920 3243 1175 3296 multum
1229 3240 1520 3310 gaudente
1572 3258 1716 3310 rege
1769 3244 1989 3314 primos
2047 3244 2367 3315 provincioe
2420 3242 2600 3297 duces
2660 3258 2728 3297 ae

618 3331 838 3385 milites
875 3319 1261 3405 baptizavit,
1326 3324 1396 3383 et
1439 3327 1769 3398 presbyteri
1817 3331 1909 3384 sui
1963 3337 2236 3386 ooeteram
2284 3329 2515 3401 plebem
2565 3341 2729 3382 sacro

619 3418 778 3473 fonte
815 3409 1189 3474 abluebant.

689 3510 835 3565 Erat
871 3509 1025 3564 enim
1062 3508 1146 3563 ibi
1197 3508 1518 3563 monachus
1570 3507 1813 3579 quidam
1850 3510 1922 3564 de
1973 3512 2206 3567 natione
2263 3511 2586 3574 Scotorum,
2625 3526 2725 3563 no·
2752 3509 2950 3561 Dicul’s

619 3594 776 3648 mine
825 3592 1088 3656 Dieulus‚
1143 3590 1362 3646 habens
1410 3592 1830 3646 monasterium
1884 3594 2279 3665 permodicum
2328 3593 2392 3648 in
2443 3591 2570 3647 loco
2623 3592 2726 3664 qui
2750 3586 3042 3642 m0⁰²⁸22¹y

617 3682 861 3733 vocatur
897 3676 1245 3739 Bosenham‚
1287 3674 1455 3728 silvis
1491 3674 1756 3744 marique
1794 3677 2254 3743 circumdatum;
2309 3682 2371 3732 et
2406 3676 2469 3730 in
2507 3693 2574 3730 eo
2610 3675 2722 3731 fra·
2750 3645 3022 3760 23³⁸·

617 3761 738 3811 tres
777 3756 1033 3828 quinque
1070 3754 1166 3808 vel
1201 3770 1300 3806 sex
1334 3752 1398 3806 in
1434 3753 1646 3808 humili
1683 3751 1753 3809 et
1788 3773 2044 3828 paupere
2092 3759 2216 3814 vita
2252 3757 2502 3813 Domino
2538 3755 2722 3809 famu-

615 3840 822 3902 lantes.
914 3843 1128 3900 Nullus
1180 3840 1406 3899 tamen
1454 3841 1907 3914 provincialium
1949 3842 2105 3903 ante
2172 3837 2304 3902 viri
2366 3835 2489 3900 Dei
2562 3833 2726 3897 Wil-

616 3924 771 3989 fridi
815 3925 1178 3990 adventum
1224 3950 1424 3987 eorum
1462 3929 1556 3986 vel
1584 3929 1769 3985 vitam
1799 3934 2087 4000 aemulari,
2117 3934 2213 3991 vel
2250 3930 2725 4005 praedicationem

619 4023 864 4078 curabat
897 4012 1142 4077 audire.

696 4111 924 4167 Tribus
964 4101 1141 4167 enim
1177 4115 1313 4166 ante
1349 4109 1668 4164 adventum
1695 4109 1824 4181 ejus
1867 4109 2039 4168 annis
2075 4111 2278 4183 pluvia
2311 4111 2432 4165 illis
2480 4108 2545 4164 in
2579 4107 2725 4164 locis
2750 4103 2862 4182 '1¹30
2885 4103 2961 4154 fa·

618 4212 753 4256 non
822 4191 1264 4267 descenderat,
1321 4197 1701 4270 quamobrem
1761 4197 1946 4253 sames
2003 4199 2234 4270 plebem
2294 4198 2600 4260 invaserat,
2656 4211 2725 4250 ae
2751 4184 2887 4220 “¹¹⁰⁶
2905 4171 3061 4220 there.

616 4289 801 4361 impia
838 4305 980 4344 nece
1015 4291 1424 4360 prostraverat.
1502 4284 1669 4356 Saepe
1717 4277 1895 4342 enim
1931 4285 2320 4358 quadraginta
2350 4298 2454 4340 aut
2487 4275 2724 4360 plume,

617 4375 815 4431 inedia
867 4374 1167 4440 macerati,
1221 4365 1309 4432 ad
1373 4385 1554 4429 mare
1603 4374 2013 4444 procedebant,
2072 4378 2135 4430 et
2184 4374 2407 4446 junctis
2455 4371 2728 4427 munibus

616 4456 1006 4523 absorbendi
1057 4463 1333 4520 fluctibus
1389 4476 1458 4519 se
1502 4453 1986 4540 demergebant.
2077 4463 2302 4520 Verum
2361 4454 2576 4540 primo
2628 4457 2723 4515 die

616 4571 733 4625 quo
782 4545 983 4611 fidem
1034 4569 1181 4624 gens
1230 4543 1348 4608 illa
1399 4551 1675 4622 suscepit,
1732 4551 1936 4622 pluvia
1988 4550 2219 4622 copiosa
2267 4550 2587 4619 deseendit,
2656 4546 2723 4606 et

615 4646 776 4697 terra
810 4641 1092 4697 refloruit.

707 4721 955 4786 Docuit
998 4727 1223 4786 autem
1272 4748 1372 4785 eos
1423 4729 1699 4801 piscando
1750 4728 1973 4783 victum
2010 4746 2284 4800 quaerere.
2376 4722 2553 4788 Nam
2606 4734 2721 4805 pis·
2747 4736 2983 4797 Eadmer,

613 4810 784 4865 candi
823 4810 1033 4876 peritia
1067 4810 1235 4880 genti
1262 4809 1442 4875 nulla,
1481 4808 1594 4865 nisi
1620 4812 1845 4865 tantum
1881 4808 1959 4864 ad
1993 4809 2300 4881 anguillas,
2329 4810 2537 4870 inerat.
2612 4813 2723 4871 Re-
2750 4818 2859 4867 0⁸1²·
2885 4803 2957 4852 ¹¹·
