3600 5800
860 849 990 911 320
1617 864 1781 913 ALIA
1828 865 2202 915 mmmmm

857 1045 1245 1130 Retulitque
1290 1046 1481 1112 nobis
1546 1046 1724 1112 idem
1770 1048 1876 1113 vir
1920 1070 2237 1126 reversus,
2286 1049 2369 1113 de
2416 1071 2548 1135 quo
2603 1050 2743 1135 jam
2807 1072 2974 1136 prae-

855 1145 1188 1226 diximus3
1231 1147 1641 1234 sericumque
1687 1170 2001 1233 pannum,
2034 1150 2227 1214 nobis
2273 1150 2708 1228 cernentibus,
2757 1172 2972 1216 coram

851 1246 1151 1334 reliquiis
1179 1248 1408 1316 Sancti
1427 1249 1474 1314 J
1476 1249 1770 1328 ohannis,
1802 1252 1890 1316 ad
1912 1251 2176 1316 laudem
2210 1252 2350 1337 ejus
2380 1252 2677 1330 allatum,
2709 1252 2972 1328 obtulit,

852 1351 1105 1416 cunctis
1175 1352 1700 1417 collaudantibus
1763 1353 1982 1418 Deum
2051 1354 2122 1418 in
2177 1352 2423 1420 Sancto
2471 1354 2607 1420 Suo
2652 1354 2697 1420 J
2700 1354 2972 1423 ohanne,

852 1451 1050 1515 toties
1097 1452 1453 1518 clarificato
1499 1453 1856 1519 miraculis,

514 1568 625 1646 Tpe
646 1568 815 1620 writer
943 1552 1099 1616 Non
1166 1557 1269 1618 est
1312 1560 1556 1620 nostrae
1619 1554 1955 1620 facultatis
2017 1555 2130 1619 vel
2192 1556 2514 1641 propositi
2579 1555 2971 1641 singillatim

513 1637 729 1750 {vuilbde-
854 1674 1169 1731 enarrare,
1218 1655 1476 1739 quoties
1522 1656 1594 1720 in
1641 1655 1808 1721 mari
1855 1655 2378 1741 Septentrionali
2421 1656 2530 1720 vel
2576 1655 2799 1721 Sioulo
2837 1658 2917 1741 (2)
2949 1654 2965 1691 ¹

513 1717 830 1819 Joreegiff-a-
852 1753 1115 1821 liberati
1180 1757 1552 1822 referantur
1596 1757 1895 1823 homines
1941 1779 1984 1823 a
2027 1758 2336 1844 periculis
2403 1758 2655 1835 mortiS,
2703 1780 2822 1844 per
2866 1759 2967 1822 in—

515 1834 638 1883 des·
854 1859 1260 1924 vocationem
1322 1859 1609 1923 nominis
1661 1860 1802 1945 jam
1873 1860 2035 1926 dieti
2083 1858 2499 1925 Confessoris.
2593 1860 2769 1925 Nam
2825 1852 3008 1945 jam'

851 1960 1110 2046 paginae
1176 1967 1423 2026 metam
1490 1963 1812 2047 ponimuS,
1881 1984 2002 2027 nec
2065 1963 2324 2028 diutius
2399 1968 2692 2028 mentem
2754 1985 2967 2029 meam

841 2061 1041 2146 juvat
1108 2061 1561 2147 hujuscemodi
1605 2069 1795 2148 gesta
1860 2069 2177 2141 retexere,
2225 2064 2384 2149 quia
2427 2063 2636 2129 taedet
2680 2064 2968 2128 animam

512 2171 596 2222 He
618 2171 662 2223 is
687 2172 797 2223 sick
847 2183 1060 2226 meam
1123 2162 1284 2227 vitae
1349 2183 1528 2228 meae.
1649 2162 1860 2228 Video
1937 2186 2223 2249 namque
2299 2164 2538 2251 impios
2614 2165 2967 2250 praevalere

512 2239 574 2355 ἓξ
585 2239 675 2355 Ἐξ
695 2241 798 2290 “¹¹¹¹
847 2265 1162 2329 adversus
1228 2265 1388 2350 pios,
1438 2265 1698 2351 iniquos
1743 2266 2108 2352 deprimere
2166 2268 2403 2352 justos.
2471 2267 2649 2331 Elati
2696 2267 2968 2345 florent;

512 2372 676 2421 times.
846 2365 1128 2431 humiles
1175 2367 1510 2453 despectui
1554 2368 1925 2447 habentur3
1971 2373 2039 2433 et
2075 2368 2235 2453 jam,
2283 2370 2644 2435 secundum
2690 2368 2964 2457 prophe·
3071 2448 3078 2457 ,

510 2477 683 2529 Isaiah
704 2479 794 2528 lix.
848 2469 1012 2534 tiam
1078 2468 1234 2533 olim
1281 2469 1620 2557 prolatam,
1667 2471 1966 2536 homines
2013 2472 2363 2537 veritatem
2409 2493 2543 2536 non
2587 2473 2964 2556 loquuntur,

513 2550 591 2595 ¹4·
850 2576 920 2635 et
962 2571 1208 2636 veritas
1278 2572 1351 2635 in
1414 2572 1636 2658 platea
1702 2572 2036 2638 sternitur.
2154 2573 2344 2652 Item,
2413 2572 2725 2638 Salomon
2786 2573 2963 2649 dicit,

510 2682 649 2731 1¹:001.
672 2680 775 2731 viii.
850 2671 1006 2737 Vidi
1052 2673 1293 2759 impios
1339 2675 1437 2738 ita
1480 2696 1755 2753 securos,
1790 2676 1978 2760 quasi
2017 2675 2351 2761 justorum
2383 2697 2579 2760 opera
2622 2675 2965 2753 fecissent3

516 2753 590 2798 ¹⁴·
849 2795 926 2839 ac
984 2796 1101 2860 per
1167 2773 1292 2841 hoc
1358 2781 1547 2860 patet
1606 2777 1807 2842 finem
1876 2777 2100 2842 saeculi
2146 2797 2281 2841 non
2344 2775 2632 2841 multum
2697 2776 2958 2840 distare.

509 2884 560 2936 S.
584 2886 731 2964 μω.
850 2875 916 2940 N
919 2897 1043 2955 am,
1091 2877 1450 2943 secundum
1499 2878 1849 2965 Evangelii
1895 2878 2260 2960 veritatem,
2299 2878 2444 2964 jam
2488 2876 2787 2942 abundat
2831 2877 2960 2941 ini-

508 2967 652 3002 mv.
681 2957 757 3002 ¹²·
848 2980 1084 3065 quitas,
1133 2986 1202 3045 et
1245 2981 1609 3048 multorum
1652 2982 1894 3047 caritas
1939 2980 2313 3067 refrigescit.
2408 2981 2548 3045 Nos
2571 3002 2728 3045 vero
2757 2980 2960 3066 hujus

850 3080 1081 3146 Sancti
1127 3081 1447 3147 miracula
1491 3087 1695 3168 atque
1762 3082 2094 3168 praeconia
2139 3103 2222 3146 ex
2267 3087 2456 3167 parte
2493 3081 2637 3168 jam
2699 3082 2958 3146 executi

512 3188 595 3238 He
617 3204 768 3255 prays
849 3203 966 3268 pro
1012 3183 1277 3248 modulo
1322 3188 1548 3248 nostro
1595 3189 1977 3270 spontaneo,
2023 3204 2346 3269 rogamus,
2393 3188 2475 3248 ut
2520 3182 2661 3268 ejus
2705 3182 2959 3247 meritis

508 3254 595 3370 ἷξξζ
614 3257 809 3372 egram
847 3306 924 3350 ac
953 3285 1339 3351 interventu
1369 3286 1630 3352 liberati
1662 3308 1704 3351 a
1732 3285 2045 3372 praesenti
2089 3283 2329 3351 saeculo
2359 3306 2661 3370 nequam,
2695 3286 2958 3350 veniam

511 3358 800 3438 St.'J0hn’s
848 3408 1325 3474 consequamur
1368 3387 1839 3475 peccaminum,
1886 3388 2230 3473 vitamque
2274 3387 2718 3474 adipiscamur
2770 3393 2958 3451 eeter-

508 3454 647 3504 ⁸⁸¹¹⁹¹
847 3511 1019 3566 nam,
1066 3494 1426 3574 praestante
1458 3489 1742 3554 Domino
1788 3495 2015 3555 nostro
2061 3489 2109 3553 J
2109 3512 2225 3555 esu
2271 3489 2555 3566 Christo,
2606 3488 2737 3568 Qui
2784 3489 2959 3554 vivit

848 3597 916 3655 et
960 3596 1196 3676 regnat
1240 3614 1357 3678 per
1401 3592 1624 3659 omnia
1668 3592 1913 3658 saecula
1956 3592 2362 3658 saeculorum.
2457 3593 2686 3657 Amen.

1562 3845 1576 3879 ¹
1621 3845 1820 3912 Siculo]
1850 3844 2111 3908 Chichico,
2133 3844 2245 3897 MS.
