3600 5800
1290 920 1607 972 moroni:
1653 919 1871 969 nnmo
1916 916 2289 969 srmnANo.
2761 900 2843 969 75

742 1114 961 1180 biliter
1004 1092 1257 1180 audire*
1280 1113 1351 1177 in
1397 1114 1621 1177 futuro
1667 1117 1960 1197 tempore
2006 1131 2123 1196 per
2184 1107 2481 1174 ordinem
2533 1106 2844 1194 promise·
2909 1182 2918 1189 ⁶

740 1224 911 1296 runt,
959 1223 1029 1283 et
1059 1217 1082 1256 ¹
1130 1218 1306 1303 ipsos
1351 1216 1619 1280 domum
1663 1214 1877 1279 redire
1915 1213 2273 1299 jusserunt.

828 1320 1015 1386 Tunc
1073 1317 1490 1401 beatissimus
1564 1317 1610 1382 J
1611 1316 1904 1381 ohannes
1964 1314 2363 1402 Apostolicae
2438 1314 2612 1379 sedis
2672 1334 2850 1399 papa
2873 1304 2986 1397 The
3007 1336 3138 1385 pope

741 1420 1138 1507 coepiscopis
1183 1419 1320 1484 suis
1364 1419 1435 1483 in
1480 1416 1781 1504 synodali
1827 1417 1970 1482 loco
2014 1415 2392 1481 sedentibus
2438 1414 2652 1479 dixit:
2730 1423 2764 1449 “
2788 1414 2846 1478 O
2873 1390 3186 1505 ξξῗξξζῗζαῑ

743 1532 774 1557 “
821 1528 1049 1588 sancta
1091 1521 1402 1608 synodus,
1448 1524 1747 1584 nostrum
1793 1524 1896 1583 est
1940 1518 2226 1604 primum
2287 1516 2845 1582 sanctissimorum
2872 1520 2953 1571 his
2974 1521 3145 1585 prede-

742 1632 776 1658 “
817 1620 1382 1689 antedecessorum
1427 1625 1800 1686 nostrorum
1847 1641 2217 1705 percurrere
2263 1638 2558 1695 canoneS,
2604 1624 2673 1683 et
2732 1640 2844 1685 ex·
2871 1601 3108 1709 ζξῗζῗθ,

742 1736 775 1760 “
818 1727 1111 1792 aminare
1157 1724 1420 1810 scripta,
1467 1723 1551 1787 de
1594 1720 1720 1787 hac
1778 1722 2007 1787 eadem
2067 1721 2421 1786 inimicitia
2464 1720 2716 1786 fraudis
2759 1742 2846 1784 ex
2872 1716 3021 1771 <freed
3042 1718 3095 1768 in

743 1838 775 1863 “
818 1836 1098 1914 utraque
1116 1832 1306 1914 parte
1325 1825 1483 1891 olim
1514 1824 1601 1890 ad
1630 1823 1802 1890 hanc
1832 1823 2279 1910 Apostolicam
2308 1794 2528 1887 sedem
2559 1822 2808 1887 directa
2831 1846 2847 1901 ;
2872 1788 2957 1838 ὼε
2986 1793 3183 1836 matter.

743 1940 776 1964 “
820 1938 888 1996 et
932 1931 1285 2016 diligenter
1329 1926 1752 2004 considerare,
1800 1925 1964 2012 quid
1993 1931 2096 1991 ter
2117 1926 2534 1992 beatissimus
2580 1925 2845 2011 Agatho

744 2043 779 2067 ‘⁴
822 2033 895 2098 in
965 2032 1073 2097 his
1133 2032 1348 2099 causis
1409 2029 1754 2106 censuerit,
1801 2035 1872 2093 et
1930 2034 2081 2114 post
2148 2049 2301 2093 eum
2345 2028 2592 2094 electus
2637 2027 2844 2092 Bene-

744 2144 779 2169 “
822 2135 1054 2211 dictus,
1128 2153 1383 2199 necnon
1465 2136 1536 2197 et
1624 2131 2058 2218 praedecessor
2138 2151 2324 2196 meus
2397 2129 2846 2195 sanctissimus

747 2247 779 2271 “
825 2228 1093 2324 Sergius
1122 2234 1563 2301 memoraliter
1581 2232 1609 2273 ²
1652 2233 1933 2299 retinere
1960 2256 1976 2313 ;
2021 2233 2183 2319 quid
2221 2233 2305 2298 de
2348 2233 2474 2298 hac
2518 2232 2745 2298 eadem
2775 2254 2845 2297 re

747 2348 779 2375 “
824 2339 1087 2425 regibus
1131 2343 1200 2404 et
1230 2342 1456 2403 sancto
1501 2326 1987 2422 archiepiscopo
2017 2335 2389 2401 faciendum
2434 2336 2527 2400 sit
2551 2335 2640 2401 ab
2668 2335 2844 2422 Apo-

746 2452 779 2477 “
823 2442 1053 2509 stolica
1099 2441 1249 2506 sede
1296 2441 1744 2506 decreverunt.
1830 2437 2089 2504 Deinde
2133 2438 2392 2505 facilius
2436 2460 2522 2504 cx
2566 2443 2846 2523 utraque

746 2556 778 2581 ‘⁸
821 2550 1007 2633 parte
1080 2544 1155 2609 iii
1214 2542 1569 2630 praesentia
1641 2542 2080 2607 fraternitatis
2149 2548 2397 2608 nostrae
2444 2541 2515 2605 in
2561 2542 2846 2607 invicem

746 2660 778 2685 “
823 2647 1103 2716 certanti
1111 2648 1246 2723 bus,
1293 2646 1436 2711 Deo
1481 2644 1862 2731 adjuvante,
1887 2649 1979 2710 et
2026 2644 2268 2711 Sancto
2314 2644 2511 2710 Petro
2553 2644 2847 2731 principe

747 2761 779 2787 “
823 2749 1305 2839 Apostolorum,
1364 2746 1668 2813 veritatis
1742 2746 1992 2812 lumine
2050 2746 2377 2825 instructi,
2435 2746 2848 2812 mendacium

748 2864 779 2889 “
825 2857 1224 2921 excaecatum
1242 2849 1269 2889 ³
1296 2871 1643 2937 agnoscere
1661 2848 2015 2926 valeamus,
2048 2853 2132 2926 et,
2164 2844 2520 2916 secundum
2551 2870 2847 2915 normam

748 2966 781 2992 “
825 2954 1385 3023 sanctissimorum
1452 2952 2016 3038 praedecessorum,
2065 2950 2374 3018 canonice
2419 2938 2847 3017 censeamus.’'
2921 2951 2930 2958 '

749 3058 836 3125 Et
878 3058 1004 3124 hoc
1064 3055 1200 3121 tale
1274 3054 1620 3121 consilium
1697 3054 2064 3121 beatissimi
2139 3055 2185 3121 J
2187 3054 2467 3121 ohannis
2541 3054 2849 3119 universo

746 3161 997 3249 synodo
1043 3156 1475 3245 complacuit3
1520 3162 1590 3224 et
1634 3156 1730 3225 sic
1772 3157 2087 3225 fecerunt.

1442 3401 1886 3489 [Onnum
1935 3403 2147 3490 LIII.]

753 3573 1148 3662 [Wilfvnlue
1199 3574 1285 3640 ‘im
1328 3573 1585 3660 synodo
1618 3575 1943 3744 ἕίοῗκωιιι
1995 3600 2119 3664 per
2169 3576 2554 3644 Johamwm
2591 3595 2855 3665 papam

1569 3699 1614 3742 a
1653 3700 1721 3743 so
1749 3678 1982 3762 vitm-J
2003 3679 2031 3716 ⁴

842 3842 1076 3930 Itaque
1130 3840 1416 3929 quadam
1461 3840 1569 3906 die
1609 3840 2028 3906 beatissimus
2072 3841 2118 3906 J
2120 3840 2412 3908 ohannes
2456 3841 2854 3930 Apostolicae
2878 3859 2990 3909 The
3013 3865 3115 3908 two

752 3945 923 4012 sedis
966 3945 1223 4034 praesul,
1272 3949 1341 4010 et
1383 3943 1895 4010 reverentissimi
1957 3944 2321 4031 coepiscopi
2367 3944 2508 4032 ejus
2553 3945 2627 4009 in
2672 3966 2854 4010 sanc-
2879 3927 3178 4046 {ffissnssffed

755 4053 897 4114 tum
958 4048 1305 4115 concilium
1370 4047 1765 4134 congregati,
1811 4047 2157 4134 jusserunt
2218 4047 2607 4135 utriusque,⁵
2669 4069 2855 4114 accu-
2880 4058 3032 4126 again
3053 4059 3140 4110 be·

755 4157 1043 4217 satorum
1102 4157 1171 4217 et
1214 4135 1659 4228 defensorum:
1699 4150 1937 4217 electos
1991 4151 2168 4217 viros
2212 4156 2438 4217 sancto
2502 4151 2859 4217 conventui
2884 4126 2989 4177 sm
3013 4126 3098 4176 ‘¹¹⁸

756 4254 1172 4341 praesentari3
1238 4260 1308 4319 et
1369 4274 1525 4318 mox
1589 4252 1687 4318 ita
1761 4253 2013 4320 factum
2089 4260 2205 4321 est.
2329 4254 2506 4319 Nam
2576 4253 2859 4320 Sanctus

2885 4190 3096 4244 council.

2401 4421 2812 4431 “mom
2823 4429 2832 4430 i

825 4517 840 4552 ¹
875 4518 948 4585 et]
974 4520 1098 4583 jam,
1121 4518 1214 4569 ins.
1238 4518 1307 4568 A.
1920 4515 1941 4549 ⁴
1974 4515 2246 4582 Although
2281 4533 2312 4568 a
2347 4533 2499 4581 space
2535 4517 2580 4569 is
2615 4519 2707 4570 left
2739 4520 2861 4571 here

824 4597 847 4631 ²
877 4596 1217 4663 memoraliter]
1246 4598 1628 4659 memorialiter,
1652 4596 1719 4647 Λ.
1853 4597 1936 4647 for
1959 4612 1989 4646 a
2011 4612 2119 4648 new
2142 4597 2363 4663 chapter,
2387 4598 2529 4649 there
2551 4598 2595 4648 is
2617 4614 2686 4649 no
2707 4600 2862 4650 head-

822 4677 845 4710 ³
878 4675 1053 4727 lumine
1076 4677 1322 4738 instructi,
1350 4676 1643 4728 noendact‘um
1677 4692 1762 4726 ex·
1853 4676 1942 4742 ing
1965 4684 2019 4726 to
2040 4676 2083 4727 it
2116 4675 2171 4726 in
2209 4676 2371 4727 either
2406 4678 2521 4729 MS.
2588 4678 2716 4730 This
2751 4678 2862 4733 title

758 4754 1011 4822 cacatum]
1058 4755 1250 4806 lumine
1284 4755 1525 4819 extincto,
1558 4755 1762 4807 menda·
1855 4753 1899 4805 is
1919 4755 2031 4805 that
2051 4756 2269 4820 adopted
2290 4755 2360 4822 by
2383 4757 2526 4809 Gale.

760 4835 838 4887 eio
861 4841 1136 4898 excoecato,
1157 4835 1224 4886 A÷
1921 4833 1943 4865 ⁸
1980 4834 2257 4902 utriusque]
2288 4835 2463 4901 partis,
2485 4838 2578 4888 ins.
2602 4837 2672 4890 A.
