3600 5800
1406 939 1727 1014 werona
1772 935 2121 988 mmmno.
2668 920 2797 984 193

695 1122 799 1187 vir
842 1123 969 1190 Dei
1029 1125 1373 1213 magnifice
1419 1126 1796 1202 delectatne,
1846 1124 2006 1210 quid
2074 1122 2298 1210 potius
2364 1120 2586 1187 animo
2649 1139 2796 1207 pro-

691 1227 997 1311 posuerit,
1043 1228 1189 1294 viro
1258 1229 1554 1315 aperuit;
1613 1229 1854 1314 sicque,
1900 1225 2386 1312 multiplicatus
2454 1223 2651 1289 rebus
2719 1241 2798 1288 ac

692 1328 898 1406 sociis,
943 1330 1273 1416 gratiosus
1318 1331 1404 1397 ab
1450 1352 1526 1397 eo
1572 1330 1886 1397 discessit.

1340 1588 1786 1673 [CAPITULUM
1834 1586 2152 1672 XXXII]

782 1751 1059 1821 Romam
1104 1777 1260 1822 vero
1322 1778 1529 1841 usque
1597 1756 2003 1843 perveniens,
2051 1754 2202 1820 ilico
2247 1751 2424 1818 fama
2462 1750 2603 1836 jam
2648 1768 2796 1835 cog-
2824 1754 3030 1807 wilfi-id

690 1854 852 1920 nitae
919 1857 1291 1924 sanctitatis
1358 1859 1503 1943 ejus
1571 1879 1833 1944 quaque
1896 1853 2285 1942 percrebuit,
2331 1858 2402 1918 et
2451 1851 2513 1917 ei
2567 1870 2795 1936 quam-
2821 1824 3028 1950 m?

691 1955 1008 2040 plurimos
1069 1958 1316 2024 civium
1362 1959 1660 2024 venienti
1705 1959 1778 2023 in
1824 1957 2089 2023 obviam
2135 1956 2287 2043 egit.
2396 1952 2664 2028 Aderat,
2711 1956 2796 2028 et,

693 2077 953 2144 magno-
1000 2059 1187 2146 vulgi
1252 2060 1477 2126 favore
1541 2063 1897 2146 susceptus,
1943 2059 2016 2123 in
2084 2056 2304 2124 aulam
2358 2054 2551 2121 Beati
2616 2052 2798 2119 Petri

695 2164 1088 2225 veneranter
1129 2159 1457 2228 adductus
1501 2167 1618 2226 est.

787 2257 1255 2328 Pontificatum
1298 2257 1700 2349 Apostolicae
1746 2262 1920 2328 sedis
1984 2262 2197 2328 beatae
2243 2258 2574 2325 memoriae
2618 2256 2797 2344 Aga-
2822 2264 2926 2315 ml
2945 2261 2991 2340 i,-

698 2359 816 2426 tho
862 2366 1025 2428 tune
1082 2364 1369 2451 regebat,
1417 2365 1523 2429 vir
1575 2366 1798 2450 justus
1861 2369 1931 2430 et
1989 2362 2288 2450 simplex,
2335 2382 2413 2427 ao
2470 2360 2543 2424 in
2602 2357 2799 2423 rebus
2823 2330 3080 2461 &33⁶⁶

698 2461 1149 2530 ecclesiasticis
1192 2486 1328 2531 non
1371 2466 1785 2533 mediocriter
1814 2465 2079 2545 sollers3
2123 2465 2197 2529 in
2241 2463 2429 2548 cnjus
2473 2481 2551 2527 ac
2593 2459 2798 2576 pluri:
2824 2462 3134 2579 {2232ss-

696 2585 953 2631 morum
1032 2566 1478 2654 episcoporum
1555 2569 1923 2655 praesentia,
1998 2588 2148 2634 cum
2225 2564 2416 2631 Beati
2507 2561 2800 2628 wilfridi

355 2685 579 2746 Bedav.
594 2690 670 2739 19.
696 2685 894 2732 causa
937 2672 1108 2734 esset
1166 2671 1603 2755 praesentibus
1655 2670 2142 2739 accusatoribus
2203 2674 2509 2738 ventilata,
2569 2672 2802 2728 univor-

360 3876 492 3927 Ibid.

696 2785 893 2824 sorum
939 2769 1166 2841 judicio
1213 2771 1430 2844 absque
1472 2773 1719 2829 crimine
1761 2777 2068 2830 accusatus
2110 2768 2308 2834 fuisse,
2352 2771 2413 2822 et
2458 2764 2801 2838 episcopatu

694 2858 910 2932 dignus
957 2879 1095 2931 esse,
1129 2856 1590 2944 comprobatus
1638 2862 1754 2924 est.

766 2959 894 3030 QUO
917 2962 982 3017 in
1005 2967 1266 3038 tempore
1297 2980 1446 3027 cum
1477 2968 1633 3024 idem
1668 2986 1822 3041 papa
1856 2967 2142 3041 synodum
2177 2964 2380 3021 Romae
2416 2962 2804 3033 congregaret
2817 2950 3032 3004 wilfi-id

696 3056 933 3108 centum
969 3054 1186 3126 viginti
1239 3060 1497 3132 quinque
1545 3059 1963 3132 episcoporum,
2013 3057 2294 3113 advorsus
2331 3071 2430 3111 eos
2468 3053 2571 3125 qni
2621 3069 2801 3107 unam
2825 3020 3111 3136 fff‘oepg}

696 3132 759 3187 in
783 3132 1035 3191 Domino
1062 3138 1366 3196 salvatore
1401 3141 1767 3197 voluntatem
1802 3146 1979 3213 atque
2015 3138 2411 3210 operationem
2447 3134 2803 3205 dogmatiza-
2826 3150 2892 3201 οἱ]
2914 3150 3119 3215 against

695 3213 853 3281 bant,
902 3220 1100 3274 vocari
1130 3221 1313 3291 jussit
1361 3223 1611 3278 Beatum
1650 3223 2014 3287 Wilfridum,
2069 3225 2247 3291 atque
2296 3219 2453 3273 inter
2499 3217 2802 3290 episcopos
2825 3217 2914 3268 the
2935 3219 3119 3295 μουο-

693 3299 1097 3357 considentem
1133 3304 1329 3360 dicere
1354 3305 1530 3359 fidem
1555 3322 1743 3369 suam,
1777 3304 1955 3359 simul
1991 3308 2055 3358 et
2096 3300 2410 3373 provincius
2449 3299 2525 3354 de
2566 3316 2685 3370 qua
2706 3317 2802 3354 ve·
2826 3284 3049 3333 theum-

694 3383 881 3433 uerat.
955 3380 1221 3453 Cumque
1257 3384 1580 3440 catholicus
1623 3383 1739 3438 fide
1781 3400 1919 3438 cum
1954 3382 2075 3437 suis
2100 3385 2253 3436 esset
2274 3380 2567 3441 inventus,
2606 3375 2676 3434 et
2718 3371 2805 3435 ab

698 3477 769 3519 re
814 3459 1200 3526 sacerdotali
1246 3463 1572 3549 dignitate
1617 3463 1937 3548 privatuS,
1983 3468 2206 3542 placuit
2251 3465 2332 3523 ut
2375 3464 2445 3524 et
2488 3456 2804 3523 Romanae

701 3556 874 3621 sedis
918 3558 1177 3627 decreto
1229 3563 1301 3628 in
1347 3565 1794 3650 episcopatum
1838 3563 2311 3639 restitueretur,
2358 3565 2428 3625 et
2472 3559 2543 3624 in
2575 3581 2804 3626 monu-

701 3665 1000 3726 mentum
1045 3685 1182 3730 suae
1228 3665 1565 3732 catholicae
1609 3665 1764 3733 fidei
1813 3666 2105 3753 ejusdem
2150 3664 2387 3752 synodi
2431 3664 2636 3752 gestis
2679 3663 2806 3730 hoc

700 3759 1017 3846 scriptum
1062 3764 1468 3833 insereretur.

776 3863 815 3888 “
835 3861 1140 3922 wilfridus
1166 3866 1290 3924 Deo
1312 3867 1598 3933 amabilis,
1625 3868 1931 3940 episcopus
1955 3866 2229 3925 Eboraeae
2254 3865 2531 3931 civitatis,
2557 3864 2803 3937 Aposto-
2830 3861 2930 3914 113⁸
2953 3860 3125 3939 ⁸58132·

700 3944 739 3971 “
776 3943 954 4002 licam
986 3949 1183 4006 sedem
1218 3951 1291 4007 de
1326 3969 1433 4007 sna
1466 3969 1641 4007 causa
1675 3952 1996 4024 appellans,
2038 3955 2099 4006 et
2135 3950 2208 4007 ab
2244 3950 2354 4006 hac
2394 3954 2683 4021 potestate
2732 3948 2806 4003 de
2831 3934 3108 4045 ἓῑὲἱθηῖὲσῑω

703 4027 744 4055 “
781 4031 961 4088 certis
986 4031 1342 4107 incertisque
1365 4036 1540 4092 rebus
1565 4035 1882 4101 absolutus,
1907 4040 1968 4091 et
1991 4053 2126 4091 cum
2149 4033 2282 4090 aliis
2321 4037 2556 4089 centnm
2583 4030 2808 4103 viginti
3043 4031 3055 4043 '

704 4118 738 4147 “
775 4115 1064 4203 quinque
1109 4129 1467 4201 coepiscopis
1509 4119 1582 4184 in
1628 4128 1834 4200 synodi
1866 4127 2160 4199 judicaria
2193 4117 2346 4182 sede
2391 4115 2809 4193 constitutus,

707 4218 741 4247 “
774 4236 893 4300 pro
929 4220 1109 4285 omni
1145 4228 1463 4302 aquilonali
1497 4235 1665 4300 parte
1708 4220 2028 4286 Britaniae
2075 4224 2143 4285 et
2186 4226 2512 4293 Hiberniae,
2547 4237 2696 4304 quae
2725 4216 2811 4281 ab

707 4323 741 4351 “
773 4326 1103 4396 Anglorum
1155 4347 1224 4387 ao
1293 4322 1661 4400 Britonum‚
1710 4347 1935 4386 necnon
1985 4330 2316 4386 Scottorum
2361 4327 2431 4386 et
2474 4316 2809 4386 Pictorum

706 4423 741 4453 “
776 4427 1055 4497 gentibus
1099 4422 1492 4501 incoluntur,
1522 4450 1722 4489 veram
1753 4428 1825 4488 et
1851 4420 2240 4488 catholicam
2268 4420 2467 4488 fidem
2512 4430 2812 4488 confessus

705 4529 740 4558 “
774 4534 883 4597 est,
922 4537 984 4588 et
1018 4548 1155 4591 cum
1189 4533 1615 4604 subscriptione
1650 4544 1771 4590 sua
1806 4530 2259 4589 corroboravit.”
