3600 5800
525 1063 686 1125 Beda,
710 1063 780 1115 iii.

522 1135 589 1180 2⁵

526 1166 742 1259 Colman

524 1276 728 1338 speaks.

523 1970 732 2023 wilfrid

523 2038 718 2104 replica.

867 872 997 936 492
1727 889 2097 939 ΑΡΡΕΝΒῙΧ.

954 1057 1139 1124 Tunc
1176 1067 1528 1124 Colmannus
1580 1071 1681 1134 ait,
1740 1071 1780 1095 “
1810 1069 2116 1139 Numquid
2164 1069 2518 1125 Anatholius
2570 1071 2664 1125 vir
2718 1074 2969 1133 sanctus,

865 1147 904 1171 “
945 1153 1005 1201 et
1039 1148 1116 1219 ‘in
1166 1149 1411 1218 praefata
1460 1149 1854 1203 ecclesiastica
1904 1150 2152 1205 historia
2201 1149 2452 1204 multum
2489 1148 2784 1215 laudatus,
2822 1150 2973 1219 Legi

868 1230 902 1256 “
943 1230 1040 1284 vel
1077 1231 1398 1303 Evangelio
1435 1233 1728 1286 contraria
1762 1233 1974 1303 sapuit,
2014 1233 2115 1303 qui
2152 1250 2188 1287 a
2225 1232 2662 1303 quartadecima
2684 1250 2867 1303 usque
2896 1232 2971 1286 ad

865 1315 905 1339 “
943 1312 1280 1370 vicesimam
1339 1315 1568 1371 Pascha
1615 1315 2031 1371 celebrandum
2085 1314 2366 1387 scripsit?
2455 1315 2763 1386 Numquid
2811 1332 2973 1371 reve·

864 1397 900 1421 ‘⁸
941 1397 1338 1453 rentissimum
1375 1405 1600 1471 patrem
1634 1405 1902 1454 nostrum
1941 1399 2304 1464 Oolumbam‚
2344 1404 2405 1455 et
2439 1414 2798 1453 successores
2823 1398 2966 1468 ejus,

863 1480 901 1506 “
940 1480 1097 1536 viros
1134 1482 1256 1536 Deo
1293 1481 1558 1547 dilectos,
1588 1483 1690 1553 qui
1726 1482 1929 1537 eodem
1952 1482 2123 1537 modo
2159 1482 2385 1538 Pascha
2419 1482 2703 1546 fecerunt,
2740 1482 2971 1537 Divinis

865 1564 900 1589 ‘⁴
941 1565 1175 1635 paginis
1211 1566 1504 1621 contraria
1540 1567 1825 1638 sapuisse,
1863 1567 1958 1620 vel
1996 1566 2218 1638 egisse¹
2259 1564 2613 1620 credendum
2650 1565 2782 1621 est?
2835 1583 2968 1620 cum

863 1648 899 1673 ‘⁸
941 1648 1182 1717 plurimi
1217 1649 1442 1705 fuerint
1490 1650 1550 1704 in
1602 1650 1702 1713 eis,
1740 1666 1990 1721 quorum
2038 1649 2337 1705 sanctitati
2385 1648 2646 1704 caelestia
2681 1648 2870 1720 signa,
2912 1656 2973 1704 et

863 1731 902 1756 ‘⁸
940 1731 1226 1786 virtutum
1277 1750 1411 1802 quae
1463 1734 1726 1791 fecerunt
1773 1733 2074 1797 miracula,
2114 1731 2517 1787 testimonium
2554 1733 2964 1801 praebuerunt:

861 1814 900 1838 ‘⁶
939 1829 1083 1884 quos
1131 1815 1257 1885 ipse
1293 1822 1521 1872 sanctos
1571 1833 1695 1871 esse
1740 1834 1860 1871 non
1896 1815 2189 1879 dubitans,
2246 1832 2478 1887 semper
2524 1832 2727 1870 eorum
2761 1816 2968 1881 vitam,

864 1899 902 1924 “
942 1915 1131 1953 mores
1169 1904 1230 1954 et
1262 1898 1629 1971 disciplinam
1666 1899 1834 1972 sequi
1875 1916 1994 1955 non
2031 1899 2303 1955 desist0.”

931 1988 1242 2045 Wilfridus
1275 1990 1382 2055 ait,
1411 1993 1446 2017 “
1473 1991 1767 2057 Constat‚”
1806 1983 2045 2068 inquit,
2073 1995 2113 2019 “
2138 1991 2546 2056 Anatholium,
2584 1991 2780 2047 virum
2803 2009 2969 2048 sauc-

864 2070 902 2096 “
943 2068 1254 2134 tissimum,
1279 2069 1696 2133 doctissimum,
1726 2085 1794 2124 ao
1829 2071 2003 2127 laude
2040 2089 2165 2127 esse
2202 2071 2647 2143 dignissimum3
2690 2071 2794 2126 sed
2828 2072 2969 2143 quid

862 2154 896 2179 ‘⁸
938 2152 1106 2207 vobis
1139 2171 1272 2207 cum
1323 2152 1444 2219 illo,
1485 2171 1620 2209 cum
1667 2172 1778 2210 nec
1828 2155 1956 2227 ejus
2005 2155 2241 2210 decreta
2278 2152 2570 2210 servetis?
2659 2154 2771 2209 Ille
2809 2156 2968 2210 enim

861 2236 900 2264 “
938 2235 1002 2290 in
1055 2237 1281 2293 Pascha
1328 2254 1436 2292 suo
1485 2238 1748 2308 regulam
1800 2238 2006 2310 utique
2059 2238 2327 2294 veritatis
2378 2255 2648 2309 sequens,
2685 2237 2968 2293 circulum

863 2321 901 2345 “
941 2318 1141 2374 decem
1191 2327 1252 2375 et
1299 2338 1507 2376 novem
1560 2338 1844 2376 annorum
1898 2320 2111 2393 posuit,
2152 2338 2327 2392 quem
2363 2338 2467 2376 vos
2519 2325 2622 2375 aut
2657 2321 2967 2390 ignora-tie,

861 2403 901 2429 “
941 2409 1044 2458 aut
1077 2402 1369 2473 agnitum,
1410 2409 1469 2459 et
1506 2422 1541 2458 a
1574 2410 1700 2460 tota
1746 2406 1990 2460 ecclesia
2038 2404 2418 2470 custoditum,
2460 2421 2567 2475 pro
2614 2404 2800 2459 nihilo
2836 2422 2969 2460 con-

861 2488 899 2513 “
940 2487 1223 2541 temnitis.
1314 2486 1427 2541 Ille
1490 2486 1575 2542 sic
1637 2488 1698 2541 in
1757 2487 1980 2542 Pascha
2038 2486 2347 2543 Dominico
2409 2486 2968 2558 quartamdecimam

861 2571 900 2597 “
938 2569 1138 2624 lunam
1166 2570 1526 2642 computavit
1549 2570 1651 2624 ut’
1672 2570 1825 2624 hanc
1851 2569 2053 2625 eadem
2089 2571 2220 2641 ipsa
2243 2569 2339 2624 die
2365 2587 2528 2625 more
2553 2570 2967 2641 AEgyptorum,

860 2654 899 2681 ‘⁶
939 2652 1488 2723 quintamdecimam
1549 2652 1750 2709 lunam
1811 2654 1886 2708 ad
1935 2671 2236 2725 vesperam
2297 2670 2426 2708 esse
2478 2654 2775 2711 fateretur.
2869 2654 2966 2709 Sic

861 2735 899 2760 “
939 2731 1160 2786 iterum
1194 2731 1530 2786 vicesimam
1568 2732 1664 2787 die
1701 2732 2009 2788 Dominico
2053 2732 2291 2787 Paschae
2327 2731 2648 2797 annotavit,
2688 2737 2757 2787 ut
2791 2730 2966 2787 decli-

861 2813 896 2838 “
938 2817 1076 2865 nata
1111 2808 1313 2865 eadem
1364 2809 1459 2866 die
1512 2828 1639 2866 esse
1694 2810 2040 2866 vicesimam
2093 2811 2347 2882 primam
2402 2811 2690 2866 crederet.
2780 2811 2963 2882 Cujus

863 2891 898 2916 “
938 2891 1202 2961 regulam
1262 2888 1655 2945 distinctionis
1713 2907 1817 2944 vos
1877 2889 2181 2960 ignorasse
2232 2888 2528 2959 probatur,
2593 2881 2770 2966 quod
2788 2878 2816 2919 ³
2859 2892 2963 2946 ali-

863 2971 902 2996 “
940 2969 1209 3040 quotiens
1259 2968 1483 3023 Pascha
1534 2969 2003 3024 manifestissime
2073 2973 2209 3024 ante
2273 2969 2681 3039 plenilunium,
2744 2970 2808 3024 id
2879 2977 2967 3025 est

861 3054 902 3080 “
939 3051 999 3106 in
1035 3052 1439 3108 tertiadecima
1490 3054 1652 3114 luna,·
1699 3053 1909 3108 facitis.
1997 3053 2086 3107 De
2139 3057 2308 3124 patre
2363 3057 2559 3107 autem
2614 3060 2809 3111 vestro
2861 3055 2968 3111 Oo-

862 3139 902 3164 “
939 3137 1142 3192 lumba
1189 3143 1250 3192 et
1297 3136 1645 3207 sequacibus
1692 3136 1842 3207 ejus,
1878 3153 2127 3206 quorum
2174 3135 2547 3192 sanctitatem
2582 3154 2687 3193 vos
2722 3137 2965 3204 imitari,

862 3222 903 3247 “
943 3225 1003 3275 et
1036 3219 1303 3289 regulam
1337 3237 1404 3274 ac
1453 3226 1745 3291 praecepta
1790 3218 2122 3275 caelestibus
2170 3218 2356 3290 signis
2407 3218 2754 3274 confirmata
2796 3221 2965 3292 sequi

862 3305 899 3332 “
936 3302 1274 3374 perhibetis,
1311 3302 1527 3374 possim
1572 3301 1957 3373 respondere;
2013 3302 2149 3373 quia
2182 3301 2383 3356 multis
2420 3301 2485 3356 in
2513 3301 2737 3373 judicio
2774 3302 2969 3358 dicen-

862 3389 900 3412 “
941 3386 1098 3441 tibus
1134 3386 1404 3451 Domino,
1446 3385 1604 3456 quod
1651 3385 1715 3439 in
1749 3385 1985 3440 nomine
2023 3384 2171 3456 Ejus
2208 3385 2719 3456 prophetaverunt,
2757 3391 2819 3441 et
2853 3386 2969 3441 ‹1ae-

863 3472 902 3497 “
939 3468 1135 3524 monia
1188 3469 1501 3539 ejecerunt,
1553 3476 1615 3524 et
1666 3469 1915 3523 virtutes
1975 3470 2191 3523 multas
2252 3468 2537 3531 fecerunt,
2586 3486 2969 3540 responsurus

863 3557 901 3582 “
941 3554 1020 3609 sit
1056 3552 1342 3609 Dominus
1364 3552 1517 3624 quod
1538 3571 1842 3623 nunquam
1881 3569 1976 3608 eos
1999 3552 2245 3608 noverit.
2322 3552 2439 3609 Sed
2473 3551 2624 3608 absit
2656 3558 2725 3607 ut
2758 3554 2870 3609 hoc
2895 3553 2969 3610 de

863 3641 898 3666 “
938 3641 1208 3710 patribus
1242 3638 1458 3693 vestris
1494 3636 1703 3701 dicam,
1742 3636 1885 3708 quia
1911 3635 2132 3706 justius
2174 3635 2363 3691 multo
2399 3641 2493 3691 est
2539 3635 2613 3691 de
2649 3636 2965 3707 incognitis

861 3725 900 3750 ‘⁴
939 3724 1158 3781 bonum
1193 3720 1426 3776 credere
1463 3737 1640 3789 quam
1676 3720 1919 3775 malum.

934 3808 971 3832 “
998 3805 1168 3861 Unde
1204 3810 1265 3860 et
1297 3804 1431 3859 illos
1469 3803 1580 3858 Dei
1615 3803 1888 3867 famulos,
1929 3819 1996 3858 ac
2034 3803 2157 3857 Deo
2193 3801 2436 3857 dilectos
2472 3818 2602 3857 esse
2636 3820 2756 3858 non
2791 3820 2960 3874 neg0,

861 3893 898 3916 “
940 3890 1043 3960 qui
1066 3888 1441 3959 simplicitate
1463 3885 1704 3950 rustica,
1732 3881 1835 3940 s'ed
1849 3886 1868 3918 ⁴
1905 3885 2231 3941 intentione
2268 3885 2369 3956 pia
2390 3885 2580 3939 Deum
2617 3884 2963 3942 dilexerunt.

861 3974 900 3999 “
938 3971 1145 4043 Neque
1182 3970 1303 4026 illis
1339 3970 1594 4025 multum
1630 3968 1835 4024 obesse
1860 3984 1994 4022 reor
2027 3968 2206 4022 talem
2243 3966 2484 4022 Paschoe
2509 3966 2961 4033 observantiam,

860 4059 897 4083 “
940 4055 1222 4127 quamdiu
1255 4053 1456 4109 nullus
1506 4052 1822 4108 advenerat
1873 4050 1974 4123 qui
2023 4051 2108 4106 eis
2158 4049 2419 4106 instituti
2464 4050 2828 4121 perfectioris
2866 4053 2968 4108 de-

860 4143 899 4167 “
937 4147 1095 4197 creta
1146 4156 1275 4211 quse
1338 4144 1743 4210 sequerentur,
1801 4135 2160 4191 ostenderet:
2216 4151 2358 4207 quos
2406 4134 2611 4205 utique
2672 4136 2861 4202 credo,
2915 4138 2963 4192 si

860 4224 898 4247 “
940 4221 1042 4292 qui
1089 4226 1230 4275 tunc
1279 4216 1354 4272 ad
1407 4234 1505 4272 eos
1554 4214 1875 4270 catholicus
1929 4213 2247 4269 calculator
2295 4214 2648 4280 advenisset,
2704 4217 2788 4270 sic
2839 4217 2967 4287 ejus

862 4303 900 4326 ‘⁴
938 4299 1164 4355 monita
1198 4295 1377 4351 fuisse
1413 4301 1731 4358 secuturos,
1771 4291 2095 4364 quomodo⁶
2131 4309 2201 4346 ea
2236 4310 2366 4364 quae
2397 4298 2682 4350 noverant
2716 4311 2786 4349 ac
2820 4294 2967 4350 didi·

868 4386 903 4409 ‘⁴
942 4386 1165 4447 cerant,
1203 4379 1310 4436 Dei
1344 4378 1619 4434 mandata
1652 4376 1975 4448 probantur
2020 4376 2202 4431 fuisse
2239 4377 2441 4432 secuti.
2537 4377 2626 4433 'ru
2665 4383 2862 4434 autem
2901 4384 2963 4434 et

863 4469 899 4494 “
939 4465 1081 4521 socii
1117 4464 1230 4529 tui,
1268 4463 1320 4517 si
1366 4460 1569 4518 audita
1612 4458 1848 4515 decreta
1894 4459 2049 4515 sedis
2094 4458 2471 4531 Apostolicoe,
2518 4459 2701 4515 immo
2736 4462 2964 4517 univer-

925 4641 943 4673 ¹
979 4638 1159 4706 cyme]
1198 4635 1474 4703 legisse‚E.
1501 4634 1583 4694 0.,
1605 4632 1793 4699 Capgr.
2022 4631 2044 4664 ⁴
2079 4632 2190 4700 aed]
2233 4642 2300 4695 et,
2324 4634 2512 4702 Capgr.

925 4719 948 4751 ²
977 4720 1060 4784 ut]
1097 4717 1166 4776 in,
1190 4718 1255 4768 O.
2021 4712 2043 4745 ὅ
2078 4712 2340 4778 quomodo]
2380 4713 2597 4776 quando,
2621 4713 2685 4764 Ο.

925 4795 946 4828 ³
978 4794 1137 4860 quod]
1174 4794 1275 4854 O.;
1310 4801 1381 4854 et,
1399 4792 1586 4859 Capgr.
