3600 5800
800 804 948 874 —278
1340 821 1701 873 MIRAOULA
1745 821 1990 871 mon
2033 821 2397 883 sommus

824 1017 858 1044 “
904 1015 971 1075 et
1024 1031 1143 1097 ego
1192 1010 1497 1097 deinceps
1543 1010 1803 1075 diabolo
1875 1014 1945 1075 et
2020 1010 2289 1076 servitio
2338 1010 2480 1096 ejus
2525 1030 2660 1076 non
2718 1009 2930 1075 solum

826 1121 859 1148 “
902 1113 1313 1192 abrenuntio,
1360 1134 1593 1178 verum
1662 1113 1865 1177 etiam
1932 1111 2254 1179 malorum
2327 1112 2797 1181 abstinentiam
2860 1117 2929 1178 te

826 1222 860 1249 “
902 1214 1270 1281 auxiliante
1315 1212 1674 1300 polliceor.''
2336 1212 2340 1224 '

488 1317 603 1369 The
626 1313 800 1368 chains
916 1312 1126 1383 Nulla
1168 1315 1241 1379 in
1286 1315 1580 1381 medium
1625 1335 1848 1381 mora:
1909 1314 2177 1382 vincula
2235 1316 2651 1384 brachiorum
2711 1316 2933 1382 omnia

483 1384 738 1505 ffilffi
828 1418 1319 1499 dissolwmtur3
1378 1423 1450 1483 et
1495 1418 1809 1503 quoniam
1854 1438 2090 1484 manus
2135 1419 2361 1485 fideles
2406 1420 2729 1486 ministrae
2775 1425 2932 1485 sunt

824 1520 1271 1587 membrorum
1315 1521 1524 1586 totius
1569 1521 1873 1606 corporis,
1920 1521 2318 1587 credendum
2380 1528 2482 1587 est
2497 1520 2523 1560 ¹
2587 1522 2828 1588 idcirco
2891 1542 2934 1587 a

825 1623 967 1690 Deo
1012 1623 1321 1710 primitus
1366 1623 1567 1688 fuisse
1613 1623 1979 1700 dissolutos,
2025 1629 2106 1688 ut
2149 1628 2385 1690 caetera
2429 1624 2723 1690 membra
2783 1646 2933 1709 quae

826 1727 1319 1811 subsequuntur
1368 1725 1901 1791 dissolverentur
1967 1747 2086 1813 per
2150 1725 2371 1813 ipsas.2
2459 1726 2711 1791 Videns
2772 1747 2930 1791 vero

827 1829 1040 1907 homo,
1086 1830 1394 1896 invocato
1454 1829 1720 1894 nomine
1787 1829 1915 1893 Dei
1980 1828 2338 1914 Sanctique
2401 1828 2522 1895 Sui
2589 1829 2634 1894 J
2637 1828 2930 1906 ohannis,

829 1953 1065 1998 manus
1109 1952 1278 2011 suas,
1307 1953 1459 2017 quae
1504 1931 1593 1997 ad
1638 1937 1901 2018 tergum
1945 1931 2242 2018 religatae
2271 1931 2552 2013 fuerant,
2583 1934 2930 2017 totumque

830 2055 1063 2120 corpus
1126 2055 1321 2098 suum
1382 2054 1425 2099 a
1487 2032 1773 2099 vinculis
1836 2032 2214 2099 absolutum
2278 2056 2434 2111 esse,
2495 2055 2645 2100 cum
2690 2053 2932 2119 magna

828 2137 1262 2204 admiratione
1351 2135 1656 2213 surrexit,
1733 2155 1811 2202 ac
1884 2156 2001 2220 per
2076 2135 2326 2201 medios
2402 2135 2933 2222 circumjacentes

493 2244 579 2321 Hp
595 2258 716 2308 80²⁸
734 2243 804 2308 by
826 2239 1048 2305 hostes
1092 2237 1404 2304 discessit.
1501 2236 1633 2318 Qui
1678 2258 1991 2323 egressus,
2022 2237 2111 2303 ad
2157 2237 2483 2324 templum
2528 2238 2761 2304 famuli
2806 2237 2932 2302 Dei

495 2310 761 2443 ἓξὲᾞὲγ,
833 2341 1038 2427 (quod
1100 2341 1255 2405 inde
1318 2360 1454 2404 non
1520 2339 1742 2403 minus
1811 2360 2011 2424 quam
2071 2362 2190 2425 per
2234 2341 2592 2406 duodecim
2613 2336 2935 2405 ’milliaria

828 2443 1147 2530 restabat)
1224 2464 1343 2528 per
1416 2442 1709 2507 obscurae
1782 2441 1997 2508 noctis
2020 2438 2046 2478 ⁸
2089 2442 2395 2508 tenebras
2457 2444 2586 2509 iter
2647 2443 2933 2521 direxit3

832 2547 1054 2632 sicque
1098 2546 1515 2612 illucescente
1536 2543 1564 2582 ⁴
1606 2544 1712 2609 die
1758 2544 1848 2610 ad
1892 2544 2230 2612 ecclesiam
2275 2545 2395 2609 diu
2413 2544 2438 2583 ⁵
2497 2546 2934 2612 desideratam

830 2648 1149 2735 pervenit.
1240 2647 1404 2712 Mox
1446 2647 1901 2733 introgressus
1948 2652 2104 2712 ante
2167 2648 2586 2734 sepulchrum
2631 2649 2761 2711 viri
2804 2647 2932 2712 Dei

829 2750 1136 2838 projectis
1204 2750 1340 2815 suis
1404 2748 1828 2834 compedibus
1896 2754 1966 2814 et
2014 2748 2332 2845 ‚vinculis,·
2389 2752 2637 2836 gratias
2713 2770 2930 2836 agene,

830 2851 1129 2921 narravit
1173 2851 1457 2919 ecclesiae
1502 2851 1950 2930 servitoribus,
2012 2850 2467 2938 universisque
2512 2852 2660 2919 aliis
2705 2853 2934 2919 audire

496 2964 601 3014 and
619 2962 773 3014 offers
832 2955 1371 3033 desiderantibus
1419 2954 1704 3040 qualiter
1748 2955 1832 3019 de
1892 2953 2173 3021 confinio
2233 2955 2479 3032 mortis,
2526 2955 2641 3020 illo
2702 2955 2933 3020 suffra-

495 3029 778 3148 {affigam
832 3066 1047 3147 gante,
1095 3059 1414 3125 liberatus
1459 3062 1646 3125 esset.
1740 3056 1875 3138 Qui
1921 3057 2079 3121 dum
2123 3077 2241 3143 per
2285 3057 2538 3143 aliquot
2583 3058 2723 3123 dies
2783 3078 2933 3124 cum

496 3164 683 3217 shrine.
831 3162 1159 3230 canonicis
1228 3161 1513 3227 ecclesiae
1576 3165 1959 3237 moraretur,
2023 3160 2406 3225 interventu
2484 3158 2707 3226 dilecti
2784 3160 2888 3225 sui
2910 3159 2938 3197 ⁶

833 3266 878 3331 J
881 3265 1175 3344 ohannis,
1223 3265 1306 3330 de
1350 3267 1613 3349 raptore
1673 3262 2001 3349 pacificus,
2049 3266 2120 3327 et
2163 3262 2245 3326 de
2291 3262 2449 3349 lupo
2503 3262 2772 3329 effectus
2832 3268 2936 3328 est

832 3390 1059 3456 agnus.
1152 3367 1242 3433 Et
1287 3366 1600 3452 quoniam
1647 3364 2067 3451 exigentibus
2127 3364 2410 3451 peccatis
2469 3386 2738 3451 poenam
2796 3387 2939 3433 cru-

833 3471 930 3537 cis
973 3469 1229 3535 invitus
1278 3467 1510 3533 debuit
1578 3466 1915 3543 sustinere,
1980 3487 2099 3552 pro
2160 3466 2445 3552 peccatis
2505 3467 2640 3534 suis
2687 3489 2941 3535 crucem

834 3569 1149 3649 Domini,⁷
1193 3570 1456 3656 signum
1500 3568 1815 3634 videlicet
1849 3568 2283 3654 poenitentiae,
2314 3568 2657 3656 bajulabat
2679 3566 2705 3609 ⁸
2748 3592 2940 3657 spon-

837 3679 1039 3741 tanea
1080 3671 1442 3738 voluntate.
2433 3671 2443 3673 “

975 3890 1081 3977 [H
1075 3879 1477 3957 zbermensw
1520 3884 1812 3974 qwidoem
1847 3906 1975 3973 per
2018 3884 2352 3954 Sam-tum
2395 3885 2783 3960 Johcmvnem

1720 3984 2086 4073 samma-‚⁹1

930 4121 1102 4187 Cum
1145 4123 1370 4185 autem
1414 4116 1625 4183 sancti
1684 4114 2016 4201 pontificis
2075 4114 2246 4180 mira
2303 4114 2577 4180 laudum
2622 4118 2950 4202 praeconia

840 4244 957 4308 per
1019 4220 1551 4306 circumjacentes
1614 4217 2119 4303 divulgarentur
2180 4218 2570 4302 provinciae,
2632 4218 2946 4284 Hiberni-

911 4397 928 4429 ¹
963 4396 1061 4463 est]
1092 4396 1205 4454 has,
1227 4396 1322 4443 ius.
1347 4394 1416 4442 A.
1714 4446 1722 4458 ¹
2007 4390 2030 4422 ⁸
2064 4391 2170 4455 sui]
2205 4390 2319 4454 Dei,
2342 4392 2414 4442 A.

910 4475 932 4507 ²
963 4474 1129 4539 ipsas]
1160 4473 1386 4531 illas,·A.
1475 4523 1479 4533 ,
2007 4468 2029 4505 7
2064 4468 2296 4535 Domini]
2325 4469 2443 4532 Dei,
2466 4472 2535 4522 A.

907 4553 930 4585 ³
965 4552 1186 4604 obscum
1209 4550 1389 4616 noctis]
1418 4550 1673 4611 obscuras,
1699 4548 1769 4598 A.
2009 4547 2031 4579 ⁸
2065 4546 2350 4615 bajulabat]
2380 4550 2594 4613 bajulat,
2616 4552 2686 4601 A.

910 4631 932 4664 ⁴
966 4630 1295 4695 illucescente]
1324 4629 1579 4692 illucente,
1601 4628 1670 4677 A.
2008 4625 2030 4657 ⁹
2061 4625 2229 4678 There
2267 4627 2310 4677 is
2345 4644 2414 4679 no
2447 4628 2560 4679 title
2598 4628 2650 4678 in
2685 4628 2774 4688 the
2811 4628 2944 4689 MS„

911 4708 931 4740 ⁸
964 4709 1081 4775 diu]
1108 4724 1206 4758 om.
1230 4709 1285 4758 A
1941 4706 2033 4756 but
2053 4721 2086 4755 a
2107 4721 2260 4770 space
2281 4705 2326 4755 is
2347 4707 2440 4759 lest
2461 4708 2543 4758 for
2563 4720 2677 4758 one.
