3600 5800
911 886 1060 958 lviii

1798 905 2119 959 PREFACE.

915 1099 1147 1180 made,1
1180 1100 1313 1167 and
1357 1099 1472 1165 the
1503 1100 1823 1187 positione
1865 1101 1941 1165 of
1983 1122 2166 1187 capp.
2201 1098 2389 1167 VIII.
2440 1100 2572 1166 and
2625 1101 2742 1168 IX.
2789 1107 3004 1168 trans·-

916 1205 1128 1291 poscd.
1221 1203 1413 1269 After
1456 1204 1569 1269 the
1602 1205 1865 1269 volume
1914 1205 1989 1268 of
2019 1205 2134 1269 the
2177 1205 2348 1271 Acta
2391 1227 2530 1271 was
2582 1206 2846 1292 printed
2897 1206 3008 1271 Sir

914 1440 943 1463 “
980 1436 1134 1493 Beda,
1157 1434 1243 1499 qui
1275 1435 1437 1483 multa
1456 1432 1766 1497 Apostolicae
1788 1433 1907 1482 fidei

914 1522 944 1542 ‘⁶
982 1512 1177 1577 scripsit
1200 1512 1358 1563 utilia.
1430 1514 1547 1577 Ipse
1568 1513 1725 1563 etiam
1747 1514 1907 1563 Joan-

912 1598 943 1623 ‘⁶
980 1610 1068 1644 ues
1124 1593 1341 1643 habebat
1390 1594 1655 1657 quemdam
1710 1607 1909 1657 magnoe

913 1680 943 1701 “
980 1672 1261 1723 sanctitatis
1340 1671 1626 1729 diaconum,
1707 1670 1909 1721 nomine

913 1760 941 1781 “
980 1752 1304 1812 Brithunum,
1326 1767 1475 1817 quem
1516 1751 1569 1800 in
1602 1751 1910 1801 monasterio

912 1840 943 1864 ‘⁴
980 1850 1090 1893 suo,
1124 1835 1261 1899 quod
1298 1834 1545 1897 Beverley
1583 1830 1786 1892 dicitur,
1821 1832 1910 1880 ab·

910 1920 940 1945 ‘⁴
976 1916 1145 1964 batem
1190 1910 1582 1964 sanctimonialis
1628 1910 1746 1962 vitm
1790 1925 1909 1960 con-

912 2000 942 2024 “
978 1993 1155 2045 stituit.
1226 1994 1367 2043 Idem
1388 2007 1511 2044 vero
1540 1992 1579 2043 J
1581 2004 1768 2041 oannes
1804 1989 1909 2054 epi-

910 2081 940 2104 “
977 2091 1160 2140 scopus
1176 2089 1351 2124 omnes
1375 2074 1442 2123 ad
1474 2087 1527 2123 ae
1550 2072 1809 2123 venientes
1843 2071 1910 2120 ad

909 2160 941 2183 “
979 2156 1111 2204 viam
1152 2152 1377 2203 veritatis
1417 2150 1686 2209 convertit,
1721 2160 1773 2200 et
1813 2164 1906 2214 pro

909 2242 941 2264 “
975 2250 1130 2299 grege
1186 2234 1283 2284 sibi
1331 2231 1603 2282 commisso
1659 2240 1711 2282 et
1765 2231 1904 2279 omni

909 2321 940 2343 ‘⁴
976 2315 1162 2382 populo
1185 2311 1474 2365 Christiano
1507 2311 1702 2377 jugiter
1723 2318 1775 2360 et
1796 2310 1906 2359 sine

907 2400 939 2423 “
978 2394 1346 2445 intermissione
1366 2391 1579 2442 oravit.”

976 2474 990 2505 ¹
1033 2475 1104 2523 At
1141 2473 1224 2522 the
1264 2473 1363 2521 end
1399 2470 1458 2520 of
1486 2470 1744 2520 Folcard’s
1774 2467 1905 2525 Life,

908 2554 962 2602 in
1023 2552 1110 2602 the
1156 2554 1290 2601 Acta
1342 2550 1453 2609 SS.,
1507 2550 1592 2599 the
1644 2548 1907 2612 following

907 2631 1137 2681 miracles
1160 2645 1362 2694 appear.
1423 2631 1453 2655 “
1476 2628 1605 2688 Quae
1628 2634 1907 2689 sequuntur

904 2716 936 2741 “
973 2711 1231 2769 miracula,
1254 2717 1308 2757 ut
1331 2725 1395 2757 ex
1420 2723 1552 2757 novo
1585 2715 1794 2771 apparet
1817 2723 1906 2756 ex-

907 2796 939 2819 “
974 2790 1137 2849 ordio,
1158 2788 1359 2838 aliunde
1382 2788 1583 2849 adjecta
1605 2787 1772 2834 sunt.'’

974 2876 1005 2897 “
1022 2868 1268 2920 Dominus
1290 2877 1339 2916 et
1366 2866 1599 2918 Salvator
1621 2872 1792 2914 noster
1816 2865 1852 2915 J
1855 2881 1906 2914 e·

910 2956 941 2979 “
978 2965 1063 3000 sus
1086 2949 1318 3000 Christus
1342 2947 1501 2996 multa
1536 2945 1778 2994 miracula
1817 2960 1907 3008 per

904 3034 937 3058 “
972 3029 1211 3079 dilectum
1234 3043 1380 3077 suum
1395 3027 1648 3076 Joannem
1668 3032 1906 3087 operatus

906 3113 937 3138 “
972 3117 1063 3159 est.
1135 3109 1365 3169 Quorum
1404 3104 1621 3169 primum
1668 3105 1764 3152 hoc
1812 3110 1902 3152 est.

905 3197 936 3219 “
975 3188 1179 3239 Accidit
1203 3188 1423 3252 quodam
1446 3196 1690 3249 tempore,
1715 3193 1770 3234 ut
1794 3184 1904 3249 qui-

904 3275 935 3297 “
971 3270 1088 3318 dam
1127 3268 1307 3316 ardore
1367 3265 1579 3315 febrium
1635 3278 1903 3327 oppressus

905 3355 936 3376 “
969 3350 1034 3398 ad
1058 3353 1285 3397 sanctum
1300 3345 1457 3410 ipsius
1480 3343 1768 3408 sepulcrum
1789 3358 1902 3406 per·

906 3435 935 3457 “
972 3427 1183 3486 venerit,
1217 3442 1275 3475 ac
1313 3440 1465 3474 sensu
1487 3423 1756 3482 alienatus,
1779 3424 1901 3471 dum

904 3513 935 3535 “
971 3507 1042 3556 ibi
1064 3507 1155 3555 diu
1179 3506 1546 3562 devolveretur,
1568 3504 1770 3552 tandem
1801 3502 1902 3565 spi-

902 3590 934 3615 “
969 3586 1094 3636 ritus
1138 3584 1390 3650 malignus
1436 3585 1499 3633 ab
1543 3581 1656 3646 ipso
1702 3580 1901 3648 fugatus

903 3672 933 3694 “
970 3675 1063 3716 est.
1133 3662 1233 3726 Qui
1256 3672 1308 3713 et
1342 3663 1553 3728 integrm
1575 3660 1779 3711 sanitati
1812 3674 1903 3725 per

900 3751 933 3774 “
970 3747 1024 3794 S.
1064 3743 1279 3795 Joannis
1312 3741 1491 3792 merita
1524 3740 1797 3800 restimtus,
1819 3755 1901 3790 as-

899 3833 931 3854 “
969 3832 1171 3889 sumpto
1210 3823 1389 3872 baculo
1410 3837 1518 3884 suo,
1540 3822 1607 3871 ad
1640 3820 1899 3885 propriam

900 3911 932 3933 “
968 3907 1173 3954 domum
1231 3899 1472 3967 perrexit,
1526 3909 1679 3965 atque
1734 3899 1899 3963 ipsum

901 3993 931 4014 ·‘
967 3992 1144 4050 postea
1186 3995 1438 4047 nunquam
1461 3980 1648 4030 eaedem
1689 3978 1900 4027 infirmi-

900 4070 930 4094 “
966 4074 1094 4114 tates
1117 4064 1426 4113 invaserunt.

966 4151 996 4172 “
1015 4146 1075 4193 In
1097 4145 1317 4208 quodam
1338 4145 1512 4204 postea
1543 4146 1773 4202 tempore
1809 4139 1896 4187 ab·

898 4230 930 4252 “
965 4227 1057 4272 bas
1080 4221 1361 4271 Brithunus
1392 4217 1627 4268 invitavit
1662 4218 1896 4267 abbatem

902 4311 933 4331 “
968 4305 1031 4352 de
1070 4302 1238 4354 Swina
1277 4300 1326 4350 in
1366 4296 1710 4350 anniversario
1734 4296 1816 4345 die
1842 4297 1894 4347 S.

898 4387 929 4410 “
966 4381 1185 4431 Joannis
1222 4382 1286 4429 ad
1325 4379 1588 4442 Bevcrley‚
1627 4376 1897 4425 habentem

898 4469 927 4489 “
965 4475 1136 4510 secum
1169 4459 1291 4508 illuc
1325 4459 1592 4521 quemdam
1639 4457 1899 4520 presbyte-

897 4549 929 4569 “
964 4556 1095 4600 rum,
1117 4538 1324 4588 nomine
1364 4537 1685 4594 Druchwald,
1719 4535 1807 4599 qui
1847 4544 1898 4586 et

897 4627 929 4647 “
966 4627 1108 4668 tanta
1146 4616 1433 4666 infirmitate
1473 4615 1806 4674 detinebatur,
1841 4625 1896 4664 ut

898 4706 928 4727 “
963 4697 1052 4747 vix
1076 4697 1199 4746 illuc
1221 4696 1295 4744 ire
1312 4702 1522 4758 poterat.
1572 4695 1702 4745 Item
1720 4702 1897 4756 postea

899 4783 932 4806 “
964 4791 1078 4826 cum
1135 4777 1292 4824 abbas
1350 4775 1413 4822 de
1467 4772 1632 4824 Swina
1670 4775 1896 4824 -domum

895 4862 931 4888 “
964 4855 1124 4907 redire
1211 4850 1488 4920 proposuit,
1554 4860 1733 4918 rogatu
1801 4868 1895 4904 suo

2009 1439 2041 1461 “
2076 1433 2358 1483 Brithunus
2380 1436 2535 1485 abbas
2556 1436 2722 1499 ipsum
2753 1435 3006 1486 infirmum

2011 1517 2042 1539 ‘⁴
2079 1514 2445 1578 presbyterum,
2505 1515 2666 1565 donec
2733 1515 3006 1565 incolumis

2010 1596 2042 1619 “
2077 1592 2237 1651 fieret,
2291 1593 2343 1641 in
2405 1592 2634 1644 custodia
2698 1594 2902 1659 recepit,
2956 1603 3008 1644 et

2009 1673 2040 1696 “
2077 1670 2297 1721 maxime
2366 1680 2568 1736 propter
2633 1671 3004 1724 invocationem

2007 1751 2043 1776 “
2077 1748 2296 1799 nominis
2334 1750 2387 1801 S.
2425 1750 2644 1801 Joannis
2680 1758 2832 1816 atque
2868 1768 3008 1802 amo-

2008 1832 2039 1856 “
2073 1844 2199 1879 rem.
2266 1829 2398 1880 Cum
2419 1846 2520 1894 quo
2539 1838 2595 1880 et
2628 1830 2733 1896 ipse
2767 1832 2923 1882 abbas
2944 1833 3009 1883 de

2009 1910 2040 1936 “
2077 1908 2249 1960 Swina
2270 1911 2520 1974 quendam
2552 1911 2819 1961 diaconum
2841 1927 3005 1971 suum,

2007 1992 2042 2017 “
2076 1987 2161 2052 qui
2217 1991 2488 2040 vocabatur
2532 1990 2698 2052 Adde,
2758 1998 3004 2056 quatenus

2009 2070 2041 2094 “
2072 2076 2427 2131 procuraretur
2443 2069 2694 2131 attcntius,
2707 2069 2974 2135 reliquerat
2987 2093 3000 2131 ς

2007 2149 2038 2174 “
2074 2145 2155 2195 cui
2206 2147 2462 2198 enimvero
2516 2149 2673 2199 abbas
2726 2148 3004 2200 Brithnnus

2006 2231 2038 2253 “
2074 2226 2288 2278 leerd
2339 2230 2688 2294 presbyterum
2731 2230 3005 2291 addiderat,

2007 2311 2038 2333 “
2075 2315 2129 2355 ut
2188 2305 2294 2371 ipse
2364 2307 2640 2359 infirmanti
2708 2312 3004 2375 presbytero

2006 2390 2036 2412 ⁴⁴
2072 2386 2242 2435 omnia
2279 2386 2326 2436 ei
2366 2389 2684 2451 procurando
2719 2390 3005 2440 necessaria

2006 2469 2036 2492 “
2070 2466 2411 2516 famularetur.
2495 2469 2641 2517 Tunc
2697 2477 2864 2518 autem
2918 2470 3002 2533 qui

2003 2550 2036 2572 “
2073 2545 2422 2596 infirmabatur
2489 2549 2723 2597 sacerdos
2791 2551 3004 2614 rogabat

2003 2630 2036 2652 “
2071 2623 2235 2688 ipsum
2291 2625 2597 2676 Brithnnum
2655 2630 2903 2689 abbatem,
2948 2638 3004 2679 ut

2072 2720 2255 2769 corpus
2295 2721 2444 2755 suum
2481 2706 2523 2755 si
2559 2708 2750 2758 obisset
2787 2707 2914 2757 inibi
2950 2708 3004 2757 in

2073 2786 2356 2834 coemeterio
2413 2784 2500 2834 illo
2554 2786 2747 2850 sepeliri
2802 2787 3008 2851 permit-

2071 2870 2213 2922 teret,
2230 2861 2346 2929 quia
2361 2864 2375 2913 i
2381 2880 2471 2929 pse
2494 2873 2698 2916 sanctus
2719 2865 3003 2932 episcopua,

2006 2949 2037 2970 “
2073 2942 2253 3008 inquit,
2278 2960 2334 2994 sc
2373 2953 2524 2994 antea
2545 2949 2611 2995 ad
2643 2948 3002 2998 sacerdotalem

2006 3028 2036 3050 “
2071 3033 2386 3088 promoverat
2409 3026 2639 3091 gradum.
2692 3028 2844 3088 Quod
2866 3036 3006 3091 post-

2004 3109 2034 3131 “
2071 3119 2220 3167 quam
2269 3103 2638 3168 impetraverat,
2683 3106 2847 3157 eidem
2891 3109 3003 3172 ipse

2004 3187 2035 3210 “
2073 3184 2334 3247 presbyter
2371 3182 2565 3248 gratias
2603 3199 2752 3249 prece
2791 3187 3005 3251 supplici

2003 3268 2035 3289 “
2071 3271 2220 3326 atque
2275 3264 2458 3313 devota
2511 3265 2765 3329 persolvit.
2857 3267 3004 3317 Inse-

2001 3346 2033 3370 “
2067 3342 2243 3406 quenti
2290 3357 2413 3392 vero
2471 3353 2623 3394 nocte
2681 3345 2734 3394 in
2797 3352 2998 3396 tantum

2002 3425 2034 3448 “
2068 3423 2443 3486 aggravabatur
2497 3424 2808 3484 infirmitate,
2864 3428 3002 3489 quod

2002 3506 2032 3528 “
2071 3517 2183 3551 eam
2252 3500 2398 3550 vivus
2461 3501 2668 3552 minime
2734 3505 3007 3567 putabatur

2002 3583 2036 3608 “
2070 3579 2454 3644 possetransire.
2513 3583 2670 3632 Mane
2685 3591 2853 3633 autem
2868 3585 3002 3635 facto

2000 3663 2032 3687 “
2067 3658 2177 3723 ipse
2198 3660 2356 3709 abbas
2379 3658 2517 3710 venit
2537 3662 2605 3711 ad
2625 3662 2806 3725 ipsum,
2829 3662 3003 3713 dicens

1999 3743 2030 3767 “
2065 3739 2131 3798 ei,
2176 3738 2378 3790 ‘Credo
2421 3740 2525 3790 cito
2568 3740 2749 3792 melius
2792 3749 2843 3792 te
2888 3743 2998 3794 fore

1999 3822 2029 3846 “
2065 3824 2079 3846 ‘
2102 3819 2347 3878 futurum,
2391 3818 2436 3868 si
2481 3820 2663 3870 allatus
2705 3820 2888 3872 fuisses
2933 3824 3000 3872 ad

2000 3901 2033 3927 “
2068 3905 2081 3926 ‘
2116 3898 2497 3961 monasterium,
2509 3899 2564 3948 in
2580 3915 2680 3963 quo
2696 3910 2813 3950 sunt
2829 3902 2999 3952 multae

2000 3980 2030 4005 “
2065 3981 2080 4005 ‘
2104 3976 2327 4043 reliquioe
2360 3985 2653 4029 sanctorum
2686 3984 2999 4045 martyrum?

2000 4061 2032 4086 “
2069 4057 2185 4107 Hoc
2223 4055 2357 4107 idem
2378 4074 2578 4123 quoque
2614 4059 2687 4110 ait
2721 4077 2777 4110 se
2799 4062 3001 4111 credere

2000 4141 2031 4164 ‘⁶
2066 4135 2268 4200 ipsum3
2315 4145 2367 4187 et
2405 4146 2699 4189 contestans
2742 4141 3001 4201 continuo,

1998 4219 2031 4243 ‘⁴
2065 4222 2181 4280 post
2203 4215 2380 4265 horam
2402 4217 2606 4267 tertiam
2629 4219 2812 4269 allatus
2835 4228 2910 4270 est
2947 4220 2998 4269 in

1998 4297 2030 4324 ‘⁶
2065 4296 2230 4358 ipsum
2283 4297 2660 4356 monasterium,
2705 4298 2801 4362 ipsi
2847 4300 3001 4350 etiam

1998 4378 2032 4403 “
2069 4375 2182 4424 Deo
2218 4383 2389 4440 grates
2426 4375 2665 4437 referem,
2687 4378 2804 4441 quia
2839 4378 2890 4429 in
2924 4378 3003 4442 ip·

1998 4459 2026 4481 “
2065 4470 2177 4503 sum
2219 4453 2367 4503 vivus
2411 4454 2596 4506 meruit
2639 4455 2864 4508 introire,
2933 4458 3000 4508 Et

1998 4537 2031 4561 ⁴⁸
2064 4548 2179 4583 cum
2204 4532 2445 4584 intentius
2483 4542 2601 4584 ante
2636 4537 2793 4586 altare
2828 4536 2881 4586 S.
2907 4539 3001 4588 Jo-

2000 4617 2030 4640 “
2066 4611 2213 4661 annis
2257 4612 2595 4679 Evangelistae
2640 4623 2850 4676 orasset,
2884 4615 2999 4666 inde

1998 4694 2033 4719 “
2069 4693 2134 4739 nd
2188 4692 2510 4754 sepulchrum
2553 4693 2662 4755 ipse
2709 4708 2998 4758 progressus

1998 4777 2030 4799 ‘⁶
2065 4775 2163 4831 eat,
2174 4771 2391 4835 supplici
2405 4787 2524 4821 enm
2544 4786 2693 4836 prece
2704 4774 2997 4837 deposcens,

1997 4853 2029 4879 “
2064 4857 2311 4915 qnatenus
2345 4849 2444 4901 sibi
2480 4851 2532 4900 in
2574 4851 2862 4904 infirmitate
2907 4868 3002 4904 aua
