3600 5800
1325 890 1641 942 Auel-ORE
1687 891 2048 940 mommo,
2611 875 2738 937 425

635 1077 797 1163 quid
873 1079 955 1143 de
1028 1077 1144 1142 illo
1203 1077 1408 1143 vellet
1482 1079 1598 1164 qui
1661 1083 1814 1163 post
1887 1098 2039 1142 eum
2116 1076 2380 1144 culmen
2458 1074 2740 1141 sublime

634 1179 979 1245 scanderet
1051 1200 1261 1266 agere.
1353 1177 1513 1244 Post
1584 1178 1728 1245 haec
1786 1178 1958 1244 inito
2032 1179 2307 1246 consilio
2375 1199 2527 1245 cum
2601 1178 2739 1243 suis
2764 1180 2818 1231 A
2840 1184 3040 1262 ponzai-

635 1279 1071 1345 familiaribus
1129 1278 1376 1356 amicis,
1437 1284 1862 1366 percontatus
1923 1286 2025 1345 est
2040 1293 2071 1328 ἃ
2132 1280 2219 1347 ab
2277 1280 2372 1346 eis
2432 1278 2595 1366 quid
2658 1279 2741 1345 de
2763 1252 3069 1384 ffifflssn‘g‘h

636 1380 764 1447 hac
821 1401 1020 1447 causa
1068 1380 1463 1467 judicarent,
1509 1381 1619 1446 vel
1678 1381 1842 1467 quid
1887 1381 2121 1447 utilius
2165 1389 2337 1447 esset
2395 1381 2744 1468 agendum.
2765 1386 2893 1431 asto
2916 1383 3003 1461 the

641 1483 776 1564 Qui
838 1482 1059 1551 cuncti
1126 1504 1489 1569 congruum
1534 1504 1674 1549 esse
1736 1492 1807 1549 et
1850 1483 2224 1549 consultum
2284 1483 2600 1549 dixerunt
2666 1489 2746 1549 ut
2768 1447 3004 1580 {32¹2}ssss

638 1584 726 1650 ad
799 1584 1219 1671 praesentiam
1271 1583 1538 1671 gloriosi
1597 1585 1770 1671 regis
1844 1584 2142 1652 celeriter
2206 1589 2602 1672 properaret,
2677 1589 2747 1649 et
2768 1593 3053 1648 noceam-y.

638 1687 1002 1753 secundum
1064 1686 1244 1772 quod
1309 1685 1664 1771 imperiosa
1707 1686 1850 1773 ejus
1918 1685 2268 1772 dignitatis
2331 1690 2587 1772 sceptra
2630 1685 2742 1751 de-

637 1788 1015 1866 crevissent,
1089 1787 1510 1874 postmodum
1586 1786 1844 1854 faceret.
1985 1787 2225 1872 Sicque
2299 1787 2548 1855 factum
2623 1793 2742 1853 est.

639 1889 845 1956 Venit
906 1891 1065 1977 ipse,
1134 1893 1589 1975 veneruntque
1666 1910 1893 1955 omnes
1959 1890 2274 1975 primates
2349 1889 2611 1976 egregii,
2673 1894 2744 1955 et

637 1993 836 2059 duces
880 1991 1129 2069 eximii,
1190 1997 1635 2079 praepotentes
1679 1991 1927 2058 milites
1973 2014 2058 2058 ex
2089 1991 2396 2057 omnibus
2440 1991 2743 2069 castellis,

639 2099 710 2160 et
753 2094 1033 2181 oppidis,
1078 2099 1279 2179 atque
1342 2091 1732 2159 civitatibus
1777 2100 1848 2159 et
1900 2093 2266 2172 territoriiS,
2330 2093 2744 2179 populusque

640 2196 945 2261 infinitus
1018 2195 1107 2261 ad
1181 2215 1417 2282 regem.
1530 2193 1732 2261 Venit
1796 2201 1868 2262 et
1926 2196 2227 2283 princeps
2294 2196 2743 2282 episcoporum
2768 2213 2880 2291 'ljhe

639 2297 1032 2363 Dunstanus
1120 2317 1272 2363 cum
1362 2297 1516 2375 suis,
1593 2317 1850 2363 necnon
1906 2297 2390 2365 AEthelwoldus
2479 2304 2746 2364 sanctus
2768 2281 2992 2396 bugsa,

639 2398 899 2487 praesul,
944 2398 1287 2484 omnisque
1333 2397 1625 2486 dignitas
1669 2399 1880 2465 totius
1924 2399 2269 2480 Albionis3
2327 2420 2491 2486 quos
2520 2421 2745 2466 omnes
2767 2359 2870 2463 33³
2892 2364 3072 2491 3'91210

640 2501 929 2588 suscepit
971 2499 1297 2588 regaliter,
1346 2501 1588 2586 quibus
1630 2502 1952 2587 gaudium
1997 2503 2313 2569 concessit
2356 2502 2630 2581 laetitiae,
2676 2508 2747 2568 et
2768 2482 3048 2613 Ἐὲἓζξωὲ

640 2603 945 2670 laetitiam
1005 2603 1276 2669 miscuit
1333 2602 1576 2689 gaudio
1622 2603 1694 2667 in
1740 2602 1857 2670 illo
1902 2603 2219 2671 Paschali.
2311 2604 2458 2671 Rex
2519 2610 2745 2672 autem
2945 2584 2958 2598 ⁰

638 2705 1040 2792 armipotens
1087 2704 1363 2791 Eadgar,
1410 2705 1685 2791 sceptris
1716 2711 1787 2770 et
1831 2706 2316 2772 diadematibus
2362 2706 2631 2794 pollens,
2677 2713 2747 2773 et

628 2809 787 2895 jura
829 2808 1016 2894 regni
1068 2807 1304 2873 bellica
1347 2813 1676 2894 potestate
1742 2809 2050 2895 regaliter
2093 2815 2456 2897 protegene,
2505 2817 2744 2878 cuncta

635 2912 1051 2978 inimicorum
1121 2911 1404 2997 superba
1448 2910 1617 2978 colla
1679 2912 1961 2998 pedibus
2004 2913 2143 2979 suis
2208 2914 2485 2994 stravit3
2545 2935 2741 3000 quem
2769 2925 2881 2977 The
2896 2944 3069 2992 power

635 3014 1120 3100 pertimuerunt
1149 3034 1284 3079 non
1313 3012 1527 3078 solum
1573 3013 1939 3079 insularum
1971 3016 2298 3101 principes
2328 3021 2398 3082 et
2436 3017 2709 3101 tyranni
2730 3041 2746 3096 ;
2770 2993 2830 3043 ⁰¹⁵
2846 2995 3033 3060 ΜΨ·

636 3116 751 3181 sed
802 3116 1004 3181 etiam
1051 3136 1237 3201 reges
1282 3114 1718 3200 plurimarum
1762 3117 2081 3202 gentium,
2130 3118 2339 3204 ipsius
2398 3118 2746 3184 audientes

637 3216 1077 3301 prudentiam,
1134 3217 1368 3280 timore
1414 3223 1617 3300 atque
1677 3222 1925 3282 terrore
1971 3219 2249 3303 perculsi
2310 3225 2484 3285 sunt.
2582 3220 2745 3286 Erat

636 3316 982 3382 bellicosus
1011 3322 1093 3380 ut
1123 3316 1424 3401 egregius
1472 3315 1785 3400 [PJsaltes
1809 3316 1829 3343 ⁵
1874 3318 2052 3383 filius
2081 3318 2315 3397 Jesse,0
2358 3323 2619 3409 sapiens
2665 3327 2744 3387 ut
2769 3337 2882 3389 'rho
2905 3340 3028 3389 eha-

636 3418 683 3484 J
684 3416 916 3496 ustus,1
964 3452 1135 3466 ---
1187 3422 1267 3482 ut
1310 3416 1572 3495 Paulus,
1605 3418 1969 3485 misericors
2016 3422 2149 3505 [ut]
2197 3421 2474 3507 Moyses,
2520 3424 2743 3491 audax
2768 3412 2942 3535 ἓξὲξ
2954 3407 3018 3456 ⁰¹⁹

636 3525 717 3585 ιιι
745 3518 966 3595 Josue,
998 3516 1327 3584 terribilis
1356 3524 1435 3583 ut
1465 3523 1844 3586 castromvm
1872 3520 2047 3588 acies
2075 3520 2418 3601 ordinata,
2450 3524 2635 3591 mitis
2675 3530 2745 3591 et
2771 3550 2918 3602 Cant.
2933 3508 3069 3602 ban-

636 3619 828 3687 bonis
886 3618 1208 3696 omnibus,
1270 3619 1560 3684 maxime
1605 3620 1962 3702 monachis,
2027 3643 2192 3708 quos
2254 3624 2621 3692 honorabat
2666 3632 2746 3693 ut
2769 3615 2856 3668 ‘¹0-
2879 3615 2948 3668 vi.
2971 3622 3020 3668 ⁸·

635 3722 889 3797 fratrea
936 3720 1257 3808 diligebat
1309 3726 1387 3784 ιιι
1447 3721 1815 3787 carissimos
1873 3723 2057 3790 filios.
2153 3723 2438 3792 Clericos
2484 3749 2744 3814 perosos

634 3822 914 3901 habuit3
979 3822 1193 3888 nostri
1238 3821 1510 3888 habitus
1557 3822 1750 3901 viros,
1798 3825 1972 3892 sicut
2017 3826 2327 3907 diximus,
2374 3829 2742 3910 honoravit,

636 3925 912 4011 abjectis
987 3946 1073 3990 ex
1166 3925 1485 3991 coenobiis
1574 3925 1959 3992 clericorum
2049 3930 2281 3995 neniis
2406 3930 2744 4018 Turpilius

635 4025 968 4107 comicus?
1010 4030 1305 4094 tractans
1350 4028 1434 4093 de
1471 4028 1929 4096 vicissitudine
1973 4030 2333 4111 literarum,
2367 4034 2424 4099 si
2468 4035 2743 4113 adesset,

686 4173 708 4195 ι
732 4164 1036 4218 permutata,
1061 4163 1153 4217 oet]
1183 4164 1420 4208 sucitatus
1450 4167 1536 4215 est,
1563 4166 1636 4209 in-
1681 4168 1692 4269 Ι
1788 4165 1810 4195 ¹²
1841 4167 2099 4222 (Phalcen
2118 4169 2415 4243 citharoedus,
2432 4173 2589 4217 interl.

635 4230 742 4292 terl-
1788 4236 1809 4259 ⁶
1834 4229 1990 4283 Jeuc]
2017 4231 2091 4277 iae.
2109 4232 2272 4283 David,
2289 4235 2450 4278 interl.

705 4386 722 4419 ¹
754 4385 966 4451 ἄνειπε]
1046 4385 1100 4434 Λ
1162 4387 1304 4435 word
1359 4386 1451 4437 has
1507 4388 1636 4438 been
1740 4390 1842 4440 few
1886 4390 2181 4457 frag-ments,
2226 4395 2329 4444 and
2372 4395 2462 4446 the
2504 4395 2642 4448 titles
2692 4398 2757 4450 of

635 4465 850 4517 omitted
884 4464 1007 4515 here
1044 4463 1212 4513 which
1250 4473 1438 4516 cannot
1473 4467 1538 4517 be
1559 4483 1638 4518 re·
1741 4482 1883 4518 some
1920 4468 1981 4519 of
2012 4470 2093 4521 his
2130 4472 2289 4536 plays,
2312 4487 2399 4523 are
2421 4474 2491 4524 all
2523 4474 2634 4527 that
2667 4492 2747 4527 re·

638 4546 834 4612 placed.
1741 4546 1904 4597 mains
1928 4547 1987 4597 of
2004 4547 2125 4599 him.
2192 4550 2244 4600 It
2276 4551 2322 4602 is
2360 4552 2579 4616 possible
2614 4555 2746 4606 from

704 4624 725 4656 ²
766 4619 1025 4688 Turpilius
1081 4622 1316 4687 comicus]
1378 4622 1638 4688 Turpilius
1740 4625 1843 4675 this
1873 4627 2099 4678 mention
2137 4629 2195 4678 of
2229 4629 2336 4680 him
2370 4632 2481 4682 that
2517 4648 2653 4684 some
2691 4635 2753 4687 of

640 4706 844 4764 Sextus,
866 4718 898 4751 a
933 4699 1088 4750 Latin
1118 4699 1283 4750 writer
1321 4701 1384 4752 of
1411 4703 1639 4768 comedy,
1743 4702 1823 4753 his
1846 4704 2012 4756 ποι-1η
2037 4721 2168 4759 were
2191 4706 2312 4759 then
2335 4708 2390 4759 in
2412 4709 2686 4762 existence.

637 4785 681 4834 is
715 4781 825 4832 said
860 4788 913 4830 to
936 4780 1067 4830 have
1104 4778 1221 4830 died
1255 4779 1383 4832 B.C.
1412 4786 1524 4832 101.
1591 4783 1641 4831 A
