3600 5800
1351 928 1669 979 Aucronn
1714 927 2075 976 ANONYMO.
2634 911 2763 973 423

655 1113 1079 1181 tolerantiam
1128 1115 1454 1202 passionis
1512 1113 1903 1201 perferendo
1970 1131 2326 1188 assumens,
2395 1114 2623 1175 mente
2664 1128 2764 1173 sa-
2790 1118 2947 1184 hymn
2970 1119 3030 1170 of

655 1216 803 1301 gaci
846 1216 1175 1302 hymnum
1226 1216 1482 1283 solebat
1523 1215 1865 1283 concinere
1923 1213 2392 1302 praedictorum
2455 1209 2763 1276 militum.
2790 1186 3068 1305 gssssffiff

659 1316 977 1404 Egressus
1033 1323 1261 1385 autem
1321 1339 1366 1384 a
1409 1318 1551 1386 loco
1618 1317 2097 1405 temptationis,
2157 1319 2380 1403 partes
2443 1313 2767 1379 bonitatis

659 1421 944 1507 sumpsit
1001 1422 1075 1487 in
1136 1422 1418 1509 singulis
1484 1422 1840 1501 fratribus;
1913 1421 2101 1487 verbi
2160 1418 2380 1506 gratia
2440 1419 2513 1482 in
2576 1422 2767 1502 patre
2884 1492 2894 1501 ⁶

660 1524 1042 1591 monasterii
1104 1525 1498 1610 sapientiam
1565 1524 1876 1612 repperit,
1939 1523 2014 1587 in
2082 1522 2329 1588 decano
2396 1520 2767 1586 bonitatem

659 1625 938 1705 invenit,
969 1627 1042 1692 in
1086 1627 1441 1715 praeposito
1484 1626 1883 1713 patientiam
1928 1624 2124 1702 vidit,
2168 1624 2243 1688 in
2287 1622 2571 1688 armario
2615 1641 2764 1707 cog-

657 1726 983 1794 nitionem
1027 1728 1402 1795 futurarum
1453 1749 1693 1805 rerum,
1736 1726 1810 1792 in
1855 1724 2192 1792 cellerario
2243 1723 2444 1789 fidem
2486 1722 2764 1800 firmam,

659 1830 735 1895 in
779 1836 1046 1898 cantore
1089 1854 1272 1919 spem
1335 1837 1600 1909 certam,
1646 1831 1720 1895 in
1764 1828 2087 1915 magistro
2150 1826 2343 1893 scolae
2406 1826 2762 1892 caritatem

662 1931 1036 2017 perfectam,
1083 1933 1155 1997 in
1200 1932 1569 1998 senioribus
1615 1932 1830 1996 zelum
1863 1929 2010 2006 Dei,
2055 1928 2128 1992 in
2164 1926 2543 2014 junioribus
2584 1946 2764 1991 amo-

662 2054 803 2097 rem
846 2033 1072 2119 ipsius,
1105 2035 1178 2099 in
1221 2034 1479 2101 caeteris
1524 2032 1843 2098 fratribus
1873 2035 2112 2097 caetera
2140 2028 2545 2095 inedicibilia
2574 2028 2762 2094 dona.

664 2133 836 2201 Cum
881 2134 1060 2200 enim
1103 2136 1401 2203 omnium
1444 2155 1666 2200 rerum
1711 2133 1867 2198 finis
1910 2131 2273 2208 advenerit,
2318 2135 2482 2218 tunc
2543 2130 2767 2196 omnia
2790 2140 2938 2191 Rom.
2962 2140 3031 2191 ix.

660 2235 736 2300 in
779 2236 1085 2332 omnibus
1130 2237 1274 2315 erit,
1334 2241 1418 2302 ut
1457 2235 1706 2323 singuli
1761 2234 2155 2301 Sanctorum
2207 2253 2431 2298 omnes
2479 2232 2765 2298 virtutes
2789 2210 2995 2325 3155·
3026 2278 3103 2325 u·

662 2336 971 2416 habeant,
1002 2344 1073 2404 et
1115 2340 1207 2405 sit
1253 2339 1562 2406 Christus
1605 2341 1792 2403 totus
1839 2338 1912 2401 in
1958 2335 2229 2402 cunctis.

753 2439 1101 2507 Remansit
1143 2440 1348 2508 frater
1392 2440 1763 2508 Germanus
1822 2439 1897 2503 in
1943 2439 2448 2525 congregatione
2508 2443 2765 2504 sancto-
2795 2447 3077 2499 Germanus

664 2562 813 2605 rum
857 2541 1139 2608 fratrum
1183 2542 1487 2629 plurimis
1540 2540 1914 2620 mensibus3
1964 2540 2081 2626 qui
2122 2538 2534 2605 multimodis
2578 2539 2766 2605 robo-
2790 2521 3105 2632 ffiffihffly

664 2648 851 2709 ratus
894 2644 1214 2731 exemplis
1258 2650 1330 2711 et
1380 2644 1652 2710 monitis
1699 2642 2030 2730 regularia
2088 2641 2466 2708 memoriter
2508 2640 2771 2707 studuit
2794 2647 3000 2713 Fleury-

664 2745 830 2811 scire
873 2744 1205 2813 instituta.
1299 2746 1432 2813 Hic
1476 2766 1596 2832 per
1624 2745 1845 2812 varios
1875 2744 2066 2810 flores
2112 2742 2608 2831 Scripturarum
2653 2764 2769 2810 vo—

663 2846 827 2926 lans,
871 2868 1052 2914 more
1110 2848 1336 2937 apium
1384 2847 1698 2936 quicquid
1744 2845 1936 2914 dulce
1995 2851 2066 2913 et
2108 2851 2341 2933 aptum
2410 2845 2770 2914 concordiae

662 2949 813 3029 fuit,
894 2952 1197 3039 sumpsit,
1275 2951 1592 3039 quicquid
1650 2951 1929 3018 noxium
1993 2948 2363 3035 dereliquit.
2486 2948 2773 3015 Remisit
2794 2956 3048 3073 323¹&

533 3108 544 3118 .
663 3057 816 3139 post
858 3053 1039 3120 hunc
1082 3055 1424 3141 episcopus
1472 3052 1860 3132 Oswaldus3
1919 3051 2035 3137 qui
2084 3071 2235 3117 cum
2280 3050 2588 3129 venisset,
2618 3072 2769 3117 cum
2793 3086 2917 3149 him,
2939 3091 3043 3139 and

665 3154 911 3220 honore
958 3160 1027 3221 et
1085 3155 1330 3241 gaudio
1376 3155 1665 3240 suscepit
1710 3153 1955 3229 divino,
2005 3153 2163 3237 quia
2222 3154 2569 3238 conspexit
2630 3174 2770 3218 esse
2794 3155 2858 3204 he
2879 3159 3096 3215 returns,

668 3253 937 3320 Divinae
974 3256 1263 3340 justitiae
1307 3277 1473 3340 opus
1519 3256 1592 3319 in
1639 3275 1757 3334 eo3
1802 3254 1919 3339 qui
1966 3253 2301 3320 ruminare
2365 3256 2572 3340 coepit
2606 3255 2771 3341 juge
2793 3221 3020 3335 ἓξὲξ

667 3354 1098 3421 meditatione
1144 3377 1293 3442 quae
1325 3355 1682 3435 didicerat;
1729 3354 1837 3421 cui
1883 3354 2372 3420 commendavit
2417 3356 2771 3441 discipulos
2796 3351 3016 3403 teacher.

667 3455 756 3521 ad
801 3455 1236 3521 erudiendum
1281 3455 1644 3522 monastico
1675 3477 1873 3521 more.
1970 3455 2139 3542 Ipse,
2185 3456 2382 3534 enim,
2427 3463 2506 3521 ut
2533 3458 2772 3524 ardens

669 3556 940 3623 lucerna
983 3557 1292 3622 omnibus
1338 3556 1518 3624 lucet
1562 3560 1679 3643 qui
1711 3559 1785 3623 in
1830 3559 2023 3623 domo
2068 3563 2244 3636 sunt,
2290 3559 2386 3626 sic
2429 3560 2634 3646 coepit
2676 3560 2772 3627 eis
2796 3565 2948 3617 Matt.
2962 3583 3010 3617 v.
3031 3570 3105 3616 ¹5-

667 3657 1011 3723 ostendere
1055 3657 1228 3723 vitia
1271 3678 1591 3744 respuere,
1643 3663 1715 3724 et
1771 3657 2102 3745 regularia
2161 3659 2342 3726 dicta
2385 3660 2771 3748 intelligere,

668 3766 739 3828 et
767 3760 1106 3828 intellecta
1158 3762 1465 3847 operibus
1515 3763 1783 3849 expleri.
1878 3762 2194 3829 Pervenit
2222 3785 2380 3829 mox
2408 3771 2612 3851 atque
2653 3788 2766 3831 ex·

667 3865 801 3930 ivit
843 3884 1043 3929 sonus
1094 3864 1414 3931 bonitatis
1478 3886 1705 3931 eorum
1751 3886 1870 3952 per
1928 3864 2139 3931 totius
2186 3866 2543 3951 provinciae
2588 3867 2768 3945 fines,

666 3972 738 4033 et
784 3966 973 4032 velut
1015 3987 1231 4032 novus
1298 3966 1607 4053 splendor
1666 3967 1927 4053 jubaris
1992 3968 2297 4033 tenebras
2344 3968 2633 4054 depellit,
2679 3971 2774 4037 sic

666 4091 893 4136 eorum
924 4068 1143 4135 Divus
1188 4069 1407 4156 fulgor
1460 4069 1723 4154 expulit
1768 4069 2135 4136 caecitatem
2181 4091 2224 4135 a
2266 4069 2570 4136 cordibus
2616 4074 2770 4137 sub-

659 4171 1005 4259 jectorum.
2968 4216 2989 4233 .

757 4273 1133 4339 Veniebant
1178 4273 1569 4359 perplurimi
1629 4273 1856 4339 fideles
1919 4273 2138 4341 clerici
2199 4274 2286 4341 ad
2329 4274 2601 4341 beatum
2649 4276 2770 4343 Os·
2799 4287 2985 4339 Divers

668 4375 978 4455 wadum,
1011 4374 1128 4460 qui
1157 4375 1302 4461 ejus
1331 4375 1577 4441 sanctis
1609 4374 1977 4461 disciplinis
2021 4375 2489 4443 desiderabant
2517 4377 2771 4464 subjici,
2797 4354 3035 4472 ξζζξὸω·

669 4480 846 4544 inter
899 4498 1064 4563 quos
1116 4477 1524 4563 resplenduit
1580 4478 1938 4564 prudentia.
1982 4477 2388 4557 Eadnothus‚
2453 4500 2769 4546 veneran-
2798 4487 3109 4566 pswaldfor

668 4582 794 4647 dus
839 4580 1155 4659 sacerdos,
1200 4581 1316 4667 qui
1361 4581 1869 4667 temperantiam
1914 4586 2116 4668 atque
2165 4581 2520 4668 justitiam,
2566 4604 2770 4650 necne
2794 4569 2846 4603 ¹¹¹
2876 4562 3111 4605 truenon.

2849 4570 2873 4603 S

668 4682 1129 4749 fortitudinem
1235 4682 1618 4770 concupivit
1705 4682 1915 4748 nobili
2007 4683 2319 4770 indagine
2423 4685 2769 4771 percipere.
2797 4632 3037 4750 ssffissii
