3600 5800
1144 926 1561 993 offoRAvE's
1608 942 1766 991 ΗΒΕ
1813 942 1901 989 or
1948 939 2262 989 πως-ΒΗ).
2623 923 2754 985 493

651 1125 689 1152 “
729 1123 869 1179 salis
920 1122 1199 1186 ecolesioe,
1252 1126 1312 1177 et
1370 1121 1529 1177 haec¹
1586 1112 1851 1197 scriptis
1891 1121 2235 1177 confirmata
2287 1118 2455 1191 sequi
2504 1120 2757 1174 contem·
2778 1119 2941 1195 ‚Beda
2962 1118 3034 1168 iii.

650 1212 689 1237 ‘⁸
730 1209 896 1273 uitis,
961 1209 1181 1278 absque
1231 1208 1355 1262 ulla
1402 1200 1742 1266 dubietate
1819 1208 2091 1280 peccatis·
2190 1206 2319 1262 Etsi
2398 1211 2592 1277 patres
2670 1202 2759 1257 tui
2785 1191 2868 1235 25.

652 1291 692 1315 “
732 1288 917 1343 sancti
952 1287 1191 1351 fuerint,
1218 1288 1504 1359 numquid
1542 1288 1861 1345 universali
1898 1306 2029 1359 quae
2066 1304 2173 1358 per
2210 1283 2432 1341 orbem²
2457 1290 2546 1340 est
2580 1283 2761 1339 eccle·

653 1374 692 1398 “
731 1372 832 1425 siae
871 1370 1113 1434 Christi,
1155 1388 1350 1424 eorum
1389 1376 1478 1426 est
1527 1373 1790 1443 paucitas
1829 1388 1946 1425 uno
1984 1371 2055 1426 de
2108 1371 2326 1441 angulo
2363 1374 2636 1424 extremae
2672 1367 2760 1420 in-

654 1458 693 1483 “
729 1456 869 1509 sulae
923 1452 1332 1524 praeferenda?
1422 1455 1552 1509 Etsi
1605 1462 1840 1511 sanctus
1891 1460 2018 1509 erat
2066 1471 2133 1508 ac
2184 1457 2386 1523 potens
2440 1451 2760 1506 virtutibus

577 1534 583 1543 ’
654 1541 691 1565 “
731 1538 832 1593 ille
872 1537 1157 1593 Columba
1190 1544 1402 1600 vester,
1442 1538 1623 1593 immo
1674 1545 1734 1594 et
1784 1543 2001 1603 noster,
2040 1537 2089 1591 si
2148 1536 2374 1591 Christi
2428 1539 2572 1598 erat,
2623 1551 2764 1588 num

655 1626 694 1650 ⁸‘
735 1621 1002 1694 praeferri
1062 1619 1254 1692 potuit
1307 1620 1645 1677 beatissimo
1698 1621 2115 1692 Apostolorum
2168 1620 2442 1690 principi,
2498 1618 2595 1673 cui
2649 1617 2762 1672 Do-

655 1708 693 1734 “
734 1706 929 1760 minus
965 1705 1069 1769 ait,
1106 1707 1120 1730 ‘
1160 1704 1249 1758 Tu
1309 1721 1368 1758 es
1423 1704 1643 1769 Peme,
1682 1710 1731 1759 et
1779 1721 1946 1775 super
1994 1702 2136 1756 hanc
2172 1699 2430 1773 petram⁸
2482 1699 2763 1770 aedfflcabo
2790 1705 2844 1756 S.
2864 1705 3014 1755 Matt-

658 1791 698 1816 “
743 1792 758 1815 ‘
786 1787 1062 1844 ecclesiam
1109 1804 1306 1850 meam,
1344 1790 1393 1840 et
1434 1792 1611 1858 portae
1659 1787 1834 1857 inferi
1890 1804 2003 1841 mm
2055 1784 2439 1854 pra-valebunt
2487 1783 2763 1838 adversus
2787 1770 2999 1823 xvi-1⁸·

658 1876 697 1900 ‘⁴
741 1876 756 1899 ‘
785 1891 945 1937 eam,·
982 1877 1032 1927 et
1067 1870 1170 1927 tibi
1204 1869 1345 1925 dabo
1382 1871 1560 1925 claves
1593 1870 1753 1941 ‘requi
1786 1868 2182 1925 coelomm'?”

727 1955 874 2010 Hoeo
910 1958 1220 2026 perorante
1257 1952 1553 2018 wilfrido,
1595 1954 1746 2009 dixit
1787 1970 1910 2017 rex,
1953 1955 1991 1979 ‘⁴
2019 1951 2266 2015 Verene,
2306 1949 2600 2015 colmane,
2636 1951 2766 2005 haec

662 2041 700 2066 “
740 2037 832 2092 illi
868 2038 1042 2093 Petro
1088 2036 1249 2091 diota
1295 2035 1528 2091 sunt?’'
1616 2036 1730 2105 Qui
1779 2036 1898 2091 ait:
1961 2038 1999 2063 ‘⁸
2026 2034 2198 2099 Vere,
2257 2035 2418 2088 rex.”
2510 2033 2589 2087 Et
2641 2033 2763 2102 ille,

663 2121 700 2144 “
740 2116 1046 2180 Habetis,''
1108 2107 1344 2191 inquit,
1411 2120 1446 2143 “
1474 2134 1581 2172 vos
1630 2118 1889 2189 proferre
1941 2113 2166 2185 aliquid
2218 2119 2401 2168 tantoe
2460 2113 2768 2185 potestatis
2795 2111 2975 2190 Oswi’q

662 2198 700 2223 “
739 2201 936 2249 vestro
974 2193 1273 2250 Columbae
1310 2193 1609 2249 datum?”
1699 2194 1777 2248 Et
1813 2194 1932 2258 ille,
1975 2197 2012 2221 “
2046 2192 2272 2248 Nihil.'’
2346 2192 2600 2246 Rursum
2643 2208 2764 2257 rex,
2793 2192 3049 2242 mmmg

662 2278 701 2303 “
743 2274 808 2329 Si
844 2273 1079 2345 utrique
1116 2275 1438 2338 vestrum,”
1478 2274 1678 2344 inquit
1713 2287 1847 2342 rex,
1889 2273 2014 2326 “in
2050 2271 2160 2326 hoc
2199 2271 2326 2326 sine
2375 2271 2499 2325 ulla
2540 2275 2766 2325 contro·
2790 2259 2877 2309 ¹¹9·

663 2357 700 2382 “
741 2353 932 2407 versia
967 2353 1358 2417 consentiunt,
1397 2352 1553 2424 quod
1587 2353 1716 2409 hoeo
1751 2352 2158 2425 principaliter
2195 2350 2422 2421 [Petro]
2461 2350 2650 2418 dicta;
2709 2357 2770 2408 et

662 2441 701 2466 ‘⁸
742 2438 799 2492 ei
834 2437 1028 2492 claves
1065 2438 1233 2507 regni
1269 2438 1546 2492 eaelorum
1594 2438 1715 2494 sint
1760 2437 1884 2492 dati
1922 2454 1958 2492 a
1994 2436 2339 2491 Domino?'’
2431 2435 2769 2506 Responde-

661 2529 816 2585 runt,
858 2524 894 2549 ‘⁸
923 2520 1178 2575 Etiam.’'
1269 2520 1354 2575 At
1390 2520 1492 2574 ine
1539 2520 1624 2575 ita
1677 2521 1987 2585 conclusit,
2049 2522 2085 2547 “
2113 2521 2193 2575 Et
2247 2536 2359 2590 ego
2400 2518 2566 2574 vobis
2617 2518 2768 2585 dieo,

665 2607 702 2631 ‘⁸
745 2604 922 2674 quia⁴
956 2604 1053 2659 hic
1090 2607 1181 2658 est
1216 2605 1491 2659 ostiarius
1525 2605 1648 2670 ille,
1689 2606 1785 2659 cui
1830 2621 1938 2674 ego
1990 2603 2388 2659 contradicere
2424 2602 2558 2658 nolo
2578 2602 2633 2667 ς’
2668 2603 2772 2657 sed

666 2690 703 2715 ‘⁶
740 2688 805 2742 in
843 2692 1132 2758 quantum
1166 2688 1305 2742 novi
1340 2687 1437 2743 vel
1471 2687 1658 2752 valeo,
1695 2687 1873 2759 hujus
1909 2688 2079 2759 cupio
2128 2687 2192 2740 iu
2229 2686 2502 2741 omnibus
2539 2684 2773 2741 obedire

667 2776 703 2801 ‘⁶
744 2772 1004 2837 statutis,
1057 2790 1129 2826 ne
1185 2772 1335 2827 forte
1387 2790 1484 2827 me
1536 2772 1884 2827 adveniente
1920 2772 1995 2827 ad
2049 2772 2202 2826 fores
2251 2771 2422 2841 regni
2472 2771 2768 2835 caelorum,

667 2859 704 2884 “
744 2874 856 2912 non
896 2856 976 2913 sit
1013 2856 1115 2928 qui
1152 2861 1389 2922 reseret,
1428 2874 1634 2912 averso
1671 2856 1775 2912 illo
1814 2857 1917 2929 qui
1954 2856 2148 2912 claves
2197 2861 2396 2912 tenere
2434 2854 2773 2927 probatur.”

666 2942 811 2996 Haec
848 2942 1079 2997 dicente
1117 2957 1279 3010 rege,
1320 2941 1596 2996 faverunt
1632 2958 1854 3007 omneS,
1893 2947 1953 2996 et
1989 2939 2258 2996 abdicata
2288 2939 2480 2995 minus
2516 2940 2777 3010 perfecta

665 3025 1060 3089 institutione,
1102 3024 1178 3078 ad
1218 3042 1287 3079 ea
1324 3042 1453 3095 quae
1478 3019 1732 3080 meliora*
1761 3031 2179 3096 cognoverant,
2220 3041 2279 3077 se
2318 3023 2633 3077 transferre
2667 3022 2775 3076 fes-

665 3109 953 3164 tinabant.

740 3198 937 3252 Finito
993 3196 1218 3254 autem
1279 3197 1573 3260 conflictu,
1640 3167 1956 3252 colmanus
2015 3186 2568 3251 Lindisfarnensis
2637 3188 2774 3272 epi·
2799 3200 2956 3262 Beda,
2976 3198 3050 3249 iii.

669 3295 915 3359 empne,
955 3286 1161 3340 videns
1211 3291 1464 3354 spretam
1515 3301 1678 3338 suam
1735 3283 2078 3348 doctrinam,
2129 3288 2466 3353 sectamque
2513 3300 2638 3338 esse
2677 3283 2775 3338 de·
2798 3270 2880 3315 ²⁶·

667 3368 946 3432 spectam,
987 3361 1302 3432 assumptis
1335 3361 1455 3415 hiis
1495 3362 1597 3432 qui
1620 3362 1782 3431 sequi
1819 3361 2154 3426 voluerunt,
2182 3361 2286 3430 qui
2320 3361 2545 3417 Pascha
2579 3360 2775 3416 catho-
2804 3343 3023 3395 C⁰¹¹¹¹⁸¹¹

669 3443 871 3507 licum,
935 3448 995 3498 et
1056 3448 1357 3499 tonsuram
1417 3460 1644 3499 coronae
1707 3445 1868 3510 (nam
1928 3450 1989 3499 et
2049 3444 2121 3499 de
2182 3445 2294 3499 hoo
2360 3444 2605 3514 quaestio
2664 3461 2779 3498 non
2801 3415 3062 3527 {2252ss

670 3525 916 3581 minima
959 3527 1105 3593 erat)
1153 3527 1414 3595 recipere
1466 3527 1763 3590 nolebant,
1807 3527 2060 3582 Scotiam
2109 3544 2412 3597 regressus
2464 3533 2572 3591 est,
2626 3531 2778 3582 trac-

673 3602 960 3676 [ta]turus
1001 3623 1134 3660 cum
1174 3606 1318 3671 suis,
1356 3605 1499 3676 quid
1535 3604 1607 3660 de
1633 3606 1726 3662 his
1761 3607 1957 3663 facere
1993 3607 2247 3663 deberet.
2323 3605 2522 3662 Oedda
2556 3604 2780 3663 autem

673 3685 1030 3771 episeopuS,
1099 3693 1320 3748 relictis
1387 3692 1691 3749 Scotorum
1767 3696 2050 3767 vestigiis,
2117 3696 2321 3767 agnita
2379 3696 2782 3750 observatione

673 3773 943 3829 catholici
996 3773 1255 3838 Paschae,
1313 3772 1388 3827 ad
1438 3772 1637 3828 sedem
1686 3793 1850 3832 suam
1909 3776 2103 3831 rediit.
2212 3776 2394 3831 Facta
2443 3781 2531 3830 est
2584 3780 2782 3831 autem

672 3853 800 3908 haec
838 3853 1086 3925 quaestio
1122 3868 1275 3906 anno
1309 3842 1581 3908 Domini
1616 3856 2034 3910 sexcentesimo
2060 3855 2424 3926 sexagesimo
2462 3863 2686 3926 quarto.

747 3944 859 3999 Vir
884 3950 1082 4001 autem
1121 3944 1360 3998 Domini
1386 3945 1698 4000 Wilfridus
1721 3946 1879 4017 apud
1903 3964 2105 4002 omnes
2127 3946 2493 4003 venerationi
2521 3947 2778 4014 habitus,
2805 3949 3042 4028 Εαὼιιςτ,

674 4051 712 4089 a
735 4052 878 4107 rege
901 4035 1133 4090 Alfi-ido
1168 4032 1238 4091 et
1282 4033 1428 4092 tota
1479 4027 1669 4113 plebe
1723 4036 1798 4092 ad
1856 4037 2257 4108 pontificatum
2308 4029 2781 4097 Eboraoensem
2806 4030 2917 4104 ⁰⁸13·
2941 4030 3017 4064 ¹¹·
3043 4093 3056 4105 ,

677 4137 953 4209 eligit-,um
993 4134 1063 4192 et
1105 4127 1262 4193 licet
1306 4135 1450 4194 toto
1486 4138 1696 4193 annisu
1731 4156 1808 4193 ne
1844 4129 1969 4195 hoc
2013 4131 2202 4196 fieret
2238 4133 2538 4199 resistere
2569 4141 2781 4221 temp·
2807 4094 3085 4210 Ξζὲξηᾱω

678 4234 867 4306 taret,
906 4239 1354 4309 importunitate
1391 4239 1649 4294 omnium
1689 4238 1927 4293 tandem
1962 4239 2177 4305 victus»,
2216 4233 2303 4298 ad
2350 4233 2598 4301 Gallias
2628 4237 2784 4301 mit-
2807 4224 2988 4290 bi⁸h⁰P
3010 4226 3071 4275 ⁰f

677 4331 849 4395 titur
916 4330 1404 4395 consecrandus.
1524 4330 1671 4410 Quo
1740 4330 1837 4395 ibi
1903 4353 2153 4397 moram
2227 4336 2549 4413 trahente,
2600 4337 2784 4402 Oswi
2806 4293 2968 4343 York.

677 4454 811 4510 reit,
873 4431 1195 4497 malorum
1255 4432 1685 4518 instigatione
1754 4432 2259 4513 circumventus,
2322 4436 2616 4503 Ceddam
2668 4441 2784 4505 ab·

744 4660 760 4693 ¹
796 4660 923 4726 koec]
967 4659 1125 4710 literis
1151 4668 1218 4720 et,
1241 4662 1335 4710 ins.
1363 4663 1424 4711 E.
1452 4660 1514 4711 Ο.
1848 4663 1868 4694 ⁴
1903 4665 2051 4730 quia]
2090 4666 2152 4714 E.
2178 4665 2276 4727 O.;
2313 4670 2464 4731 quod,
2486 4669 2673 4738 Capgr.

741 4740 763 4773 2
794 4739 982 4805 orbem]
1024 4741 1191 4801 orbes,
1215 4739 1400 4807 Capyn
1849 4742 1869 4774 ⁵
1902 4741 2041 4808 nolo]
2084 4743 2192 4794 The
2215 4759 2430 4811 passage
2451 4746 2583 4798 from
2606 4753 2742 4802 “sed
2756 4754 2786 4780 ’'

746 4819 770 4852 8
796 4818 1022 4884 petram]
1064 4826 1179 4878 ete„
1205 4819 1264 4868 E,
1780 4827 1837 4871 to
1859 4824 1891 4851 ‘⁴
1908 4822 2178 4874 VOluemnt
2190 4825 2225 4851 ⁹,
2247 4823 2292 4874 iS
2314 4825 2530 4877 omitted
2551 4827 2608 4878 in
2630 4829 2692 4881 E·
2720 4832 2784 4885 O.
