3600 5800
1325 917 1642 967 AUCTORE
1686 914 2045 964 ANoNYMO.
2604 896 2731 956 415

634 1104 923 1190 Tepidus
967 1127 1105 1171 esse
1174 1105 1539 1171 dinoscitur
1604 1104 1720 1189 qui
1766 1103 1912 1167 vias
1955 1100 2136 1166 norit
2157 1112 2190 1148 ⁸
2231 1102 2460 1176 rectas,
2526 1103 2596 1163 et
2661 1097 2734 1160 in

633 1205 729 1269 eis
773 1228 896 1274 nee
938 1206 1132 1286 solus,
1175 1227 1298 1273 nee
1339 1206 1504 1272 alios
1549 1203 1882 1290 permittit
1925 1200 2301 1269 ambulare:
2347 1199 2463 1285 qui
2508 1203 2735 1265 tamen

630 1326 774 1371 rore
837 1307 1086 1392 perfusi
1148 1307 1414 1384 Divino,
1461 1306 1732 1371 tandem
1792 1304 2073 1371 animati
2119 1301 2440 1387 exemplis
2487 1301 2729 1386 pretio-

633 1429 854 1473 sorum
899 1409 1194 1476 virorum
1239 1413 1625 1495 exsurgunt,
1671 1413 1741 1473 et
1785 1407 2055 1473 cervino
2101 1403 2484 1470 desiderant
2550 1423 2730 1468 more

632 1510 721 1576 ad
763 1510 979 1578 fontes
1022 1533 1346 1599 aquarum
1391 1510 1752 1597 pervenire,
1801 1515 1871 1575 et
1915 1509 1998 1573 de
2042 1507 2274 1573 eodem
2318 1504 2497 1572 dulei
2542 1506 2736 1572 eorde
2758 1499 3068 1552 Psa1.xli.1.

632 1613 915 1692 haurire,
961 1635 1093 1699 quo
1138 1614 1277 1679 sint
1342 1611 1605 1699 spiritu
1635 1610 1980 1697 ferventes,
2028 1606 2330 1674 Domino
2375 1604 2736 1673 servientes
2760 1576 2971 1692 Pluma
2938 1577 3025 1628 ¹¹

633 1715 706 1781 in
768 1716 1007 1783 timore
1073 1722 1144 1782 et
1186 1716 1440 1783 laetitia.
1534 1715 1727 1780 Prius
1756 1712 1843 1779 ‘in
1890 1711 2129 1779 twnore
2173 1710 2367 1786 dixit,
2414 1709 2590 1776 sicut
2634 1731 2736 1775 se·
2760 1718 2937 1769 Pam
2920 1719 2972 1771 ιί.
2992 1725 3070 1772 ιι.

632 1817 888 1883 oundus
932 1817 1032 1884 ait
1076 1817 1390 1884 PsalmuS.
1468 1815 1728 1882 Deinde
1773 1815 1847 1879 in
1888 1813 2311 1900 nonagesimo
2361 1811 2589 1898 (nono)
2635 1810 2736 1876 ait

635 1915 913 1995 Psalmo,
945 1917 1254 1985 Jubilate
1298 1917 1595 1983 Dommo
1639 1914 1867 1983 omnis
1928 1921 2127 1990 terra,
2171 1912 2406 1980 servite
2435 1911 2733 1980 Dommo
2759 1913 2893 1967 Psal.
2917 1916 3055 1967 xcix.

633 2018 720 2085 ‘im
748 2019 1009 2087 loetitva.
1104 2020 1377 2088 Calidus
1423 2024 1613 2086 extat
1657 2017 2007 2084 redimitus
2052 2016 2169 2102 qui
2214 2020 2359 2082 toto
2391 2016 2735 2082 conamine
2766 1986 2809 2031 ι’

632 2123 876 2188 mentis
920 2122 1064 2190 Deo
1112 2124 1358 2189 servire
1403 2123 1648 2199 studet,
1693 2121 2054 2187 refraenans
2098 2119 2398 2207 linguam
2443 2140 2634 2185 suam
2691 2142 2735 2187 a
2759 2127 2895 2179 Ρεειι.

631 2223 824 2301 ma10‚
900 2225 1405 2312 custodiensque
1480 2225 1584 2290 bis
1659 2224 1853 2289 binos
1927 2244 2159 2289 sensus
2252 2221 2359 2287 sui
2427 2222 2732 2307 eorporis,
2757 2211 2940 2339 ᾖξξ.
2954 2202 3071 2315 ἔξω

631 2326 806 2392 siout
849 2326 975 2393 iste
1019 2328 1227 2415 gessit
1299 2328 1384 2393 de
1451 2348 1583 2412 quo
1656 2326 1852 2391 nobis
1912 2331 2015 2391 est
2088 2344 2316 2390 sermo.
2410 2322 2771 2410 Suscepto
2757 2343 2790 2377 1·
2814 2333 2896 2379 2⁶·

631 2449 815 2495 sacro
875 2429 1144 2517 negotio
1207 2429 1477 2495 Divinae
1540 2428 1840 2507 actionis,
1885 2428 2124 2495 beatus
2167 2424 2529 2493 monachus
2573 2426 2734 2493 forti
2757 2405 3006 2525 2232?
2962 2490 3009 2526 c

630 2530 854 2597 animo
920 2532 1231 2619 profioere
1297 2531 1756 2609 contendebat,
1803 2535 2113 2596 moestam
2173 2528 2429 2616 jugiter
2494 2528 2730 2595 faeiem
2756 2538 2861 2592 life.

631 2632 1010 2701 humectare
1031 2632 1059 2671 ¹²
1103 2634 1373 2702 roscidis
1403 2634 1715 2720 lacrymis
1745 2653 1883 2699 non
1930 2632 2253 2710 desinenS,
2285 2631 2497 2698 sciens
2527 2632 2733 2720 scrip-

630 2741 793 2814 tum,
841 2735 1015 2803 beati
1060 2737 1185 2824 qui
1243 2737 1475 2825 luye‘nt
1534 2757 1730 2814 nuno,
1792 2735 2129 2824 quowlam
2187 2733 2731 2801 consolabamur.
2758 2740 2906 2793 Μαῖα
2930 2756 2980 2790 v.
3003 2745 3050 2792 4·

632 2836 766 2920 Qui
827 2838 1061 2927 lugent
1102 2861 1297 2919 nuno,
1343 2839 1567 2927 inquit
1611 2839 2018 2927 Redemptor
2076 2842 2316 2916 noster,
2361 2858 2497 2904 non
2557 2838 2735 2925 quod

630 2942 924 3028 perdidit
990 2943 1410 3011 transitorias
1472 2943 1766 3021 divitias,
1830 2947 1952 3009 aut
2016 2962 2164 3027 quae
2227 2946 2492 3007 terrena
2557 2947 2733 3019 sunt,

630 3044 746 3110 sed
792 3045 907 3130 qui
953 3045 1187 3135 lugent
1230 3046 1578 3114 commissa
1624 3066 1763 3124 sua,
1793 3045 1865 3109 id
1910 3049 2014 3110 est
2056 3042 2249 3109 malae
2294 3043 2735 3160 persuasionis

631 3165 829 3230 opera
897 3168 1045 3232 quae
1105 3149 1319 3263 gessit
1386 3147 1750 3233 instigante
1824 3146 2103 3211 humani
2147 3147 2405 3232 generis
2448 3145 2732 3211 inimico.

632 3244 1055 3314 Constitutus
1100 3250 1173 3314 in
1203 3249 1407 3315 viridi
1438 3254 1630 3335 prato
1659 3247 1927 3334 gloriosi
1958 3247 2355 3325 oei-taminia
2386 3248 2689 3333 agonista
2705 3260 2734 3293 0

629 3348 949 3433 providus
1023 3350 1417 3466 concupivit
1480 3348 1870 3415 medullitus
1959 3348 2103 3413 fieri
2179 3346 2436 3413 athleta
2496 3354 2731 3425 castus,

630 3449 959 3536 ademptis
1033 3451 1243 3538 spinis
1319 3452 1423 3516 sui
1498 3451 1800 3538 eorporis,
1878 3470 2235 3537 properans
2308 3448 2572 3536 agiliter
2646 3451 2734 3516 ad

630 3572 874 3617 novam
917 3552 1147 3631 vitam,
1201 3552 1527 3639 lacrymas
1581 3552 1859 3618 serendo
1903 3550 2161 3629 diatim,
2208 3557 2535 3636 quatenus
2580 3572 2730 3637 pos-

631 3660 729 3720 set
778 3653 1047 3721 Ohristo
1091 3655 1406 3721 veniente
1451 3654 1742 3742 benigno
1809 3652 2098 3740 inclytos
2143 3673 2416 3739 operum
2461 3674 2731 3719 suorum

630 3755 1005 3843 manipulos
1051 3756 1309 3823 deferri.
1404 3757 1487 3822 In
1532 3756 1678 3842 lege
1724 3757 1935 3823 saneti
2014 3754 2379 3822 Salvatoris
2439 3755 2573 3821 fuit
2615 3778 2733 3822 vo·
2758 3768 2837 3819 Of.
2862 3770 2929 3820 Ps
2931 3770 3033 3821 aii
3018 3787 3052 3820 ι.

630 3857 855 3924 luntas
931 3858 1075 3945 ejus
1150 3859 1385 3925 diebus
1460 3880 1537 3926 ao
1579 3859 1905 3935 noctibus,
1952 3857 2067 3943 qui
2115 3863 2258 3924 erat
2300 3878 2479 3924 more
2527 3841 2788 3926 Sanc-²

629 3965 852 4026 torum
898 3961 970 4026 ιιι
1016 3961 1429 4028 orationibus
1491 3961 1797 4048 pervigil,
1846 3961 1919 4025 ιιι
1986 3960 2370 4027 constitutis
2437 3961 2732 4026 moribus

629 4061 878 4141 hilaris,
943 4064 1016 4129 ιιι
1078 4065 1279 4130 sacris
1331 4064 1611 4150 jejuniis
1657 4063 2027 4131 eommunis
2071 4062 2316 4150 regulae
2363 4069 2729 4130 contentus,

626 4169 970 4255 Appetens
1014 4190 1273 4256 semper
1315 4168 1590 4236 meliora
1633 4173 1838 4255 atque
1883 4168 1956 4233 in
2000 4168 2176 4234 bona
2234 4167 2732 4234 conversatione

626 4291 1053 4350 suocresoem,
1144 4270 1548 4338 humilitatis
1633 4269 1922 4337 officium
1998 4275 2067 4335 et
2155 4277 2395 4337 eaetera
2483 4275 2729 4337 sanotae

627 4372 872 4459 regulae
945 4372 1328 4440 obedientia
1400 4395 1522 4461 pro
1597 4373 1800 4440 armis
1874 4372 2132 4450 habuit,
2196 4372 2271 4436 in
2344 4371 2729 4439 victricibus

624 4473 880 4560 poUens
955 4475 1142 4541 miris
1214 4475 1598 4553 virtutibus,
1669 4496 1788 4562 pro
1849 4473 2092 4560 quibus
2167 4472 2570 4561 diligebatur
2643 4476 2729 4541 ab

627 4576 948 4643 omnibus,
1044 4576 1157 4645 Sic
1218 4577 1522 4665 vigiliam
1567 4576 1867 4644 exercuit
1933 4582 2277 4643 noeturnae
2338 4575 2604 4656 Laudis,
2649 4583 2730 4647 ut

621 4701 965 4767 nunquam
1008 4686 1161 4769 post
1190 4678 1724 4747 terminationem
1770 4677 1980 4765 ipsius
2009 4677 2290 4764 synaxei
2317 4678 2406 4744 ad
2436 4677 2728 4764 quietem

675 4864 696 4886 ⁸
713 4855 984 4910 nauscit,
1004 4854 1168 4901 interl.
1660 4868 1673 4970 Ι
1775 4860 1794 4882 0
1821 4852 2067 4906 acosma]
2092 4853 2244 4905 milen,
2266 4855 2425 4901 inm-l.

675 4926 696 4955 ὓ
724 4924 1019 4980 humare]
1045 4922 1366 4971 moderantum,
1380 4919 1538 4966 interl.
