3600 5800
382 1990 537 2070 Effffi
560 2007 673 2056 0⁸1>-

385 2073 498 2107 xlll-

381 2194 523 2246 Ibid.

386 2292 519 2341 lbid.

388 2893 521 2946 Ibid.

376 4321 513 4374 Ibid.

1392 878 1711 928 Auoeonn
1758 877 2105 927 mmo.
2693 861 2819 930 175

725 1070 951 1131 contra
995 1063 1161 1129 scita
1203 1083 1528 1128 canonum
1574 1067 1764 1127 erant
1807 1061 2112 1140 ordinati,
2159 1061 2441 1126 eundem
2489 1060 2822 1129 Ceaddam
2851 1086 3025 1122 conse·

725 1167 867 1253 pari
911 1166 1108 1232 modo
1155 1165 1529 1232 inordinate
1576 1164 1929 1231 ordinavit.
2851 1139 3163 1255 gffgfflh

2852 1271 3078 1337 bishops.

1414 1417 1858 1500 [CAPITULUM
1904 1414 2127 1500 XIII]

817 1573 1177 1638 Ordinatus
1237 1577 1459 1638 autem
1523 1572 1909 1638 Eboracensi
1978 1571 2263 1638 ecclesiae
2330 1571 2644 1656 praelatus
2707 1575 2822 1648 est,
2853 1580 3063 1630 wilfi-id

724 1697 872 1740 cum
940 1695 1076 1739 non
1142 1679 1291 1759 post
1334 1673 1578 1740 multos
1641 1673 1780 1738 dies
1845 1673 2092 1738 Beatus
2151 1671 2499 1736 wilfi-idus
2542 1671 2825 1756 patriam
2851 1653 3054 1762 {ffmuffis

724 1777 932 1841 redire
977 1776 1335 1841 instituens
1378 1796 1619 1840 navem
1664 1770 2052 1860 ingreditur,
2085 1779 2154 1838 et
2196 1772 2605 1858 aliquamdiu
2651 1771 2825 1837 felici
2852 1781 3030 1838 warde,

722 1900 915 1944 cursu
959 1879 1151 1944 navis
1194 1899 1527 1964 aequoreos
1557 1877 1797 1942 fluctus
1845 1875 2313 1941 transvehitur.
2404 1873 2451 1939 J
2450 1896 2559 1940 am
2602 1880 2826 1939 autem

724 1989 916 2044 medio
951 1989 1103 2044 mari
1156 1980 1454 2056 transito,
1502 1983 1572 2044 et
1638 1979 1833 2043 beato
1885 1977 2030 2042 viro
2079 1998 2230 2042 cum
2275 1976 2411 2040 suis
2459 1975 2709 2041 clericis
2753 1976 2827 2040 in

726 2103 804 2147 ea
846 2103 994 2168 quae
1024 2081 1153 2147 Dei
1197 2088 1356 2147 sunt
1400 2082 1591 2148 corde
1638 2086 1707 2145 et
1751 2101 1861 2144 ore
1905 2079 2182 2156 intent0‚
2215 2083 2457 2144 ventus
2509 2083 2822 2156 mutatus,

670 2187 681 2196 '
726 2191 1087 2248 validissima
1142 2197 1463 2264 tempestas
1539 2181 1851 2247 exoritur.
1969 2180 2100 2261 Qui
2167 2202 2409 2267 magna
2471 2180 2824 2245 vexatione
2851 2189 2952 2237 and
2973 2188 3017 2237 is

724 2282 1030 2367 quassati,
1062 2282 1332 2348 tandem
1363 2290 1427 2345 in
1447 2290 1750 2361 regionem
1774 2289 2146 2345 Australium
2171 2288 2482 2355 Saxonum,
2510 2307 2686 2362 quam
2709 2307 2827 2345 non
2850 2253 3147 2371 {agaba

721 2396 1023 2458 noverant,
1078 2384 1355 2470 projecti
1419 2389 1590 2448 sunt.
1684 2381 2030 2447 Fluctibus
2092 2403 2248 2447 vero
2312 2382 2384 2446 in
2430 2383 2613 2448 sinus
2674 2405 2825 2449 suos
2851 2387 2936 2437 the
2960 2395 3103 2437 coast

722 2484 896 2551 illico
940 2485 1257 2562 retractis,
1306 2484 1637 2571 indigenae
1689 2482 1908 2549 adhuc
1951 2482 2187 2569 gentili
2252 2505 2463 2550 errore
2533 2483 2825 2551 devincti
2851 2453 2910 2504 of
2928 2454 3135 2506 Sussex.

719 2587 1052 2663 advolant,
1115 2609 1355 2653 navem
1438 2593 1508 2652 et
1570 2586 1792 2652 omnia
1853 2607 2000 2671 quae
2075 2585 2149 2649 in
2211 2607 2288 2650 ea
2349 2593 2539 2654 erant
2584 2588 2659 2651 in
2711 2588 2824 2672 jus
2849 2591 2962 2671 [l'he
2983 2590 3099 2654 ship

719 2712 912 2754 suum
957 2690 1293 2756 vindicare
1323 2688 1656 2768 volent-«383
1702 2693 1771 2754 et
1815 2687 1888 2752 id
1917 2687 2239 2774 propositi
2270 2688 2602 2755 obstinato
2632 2690 2824 2757 corde
2851 2658 3161 2790 {Jyaffilffff

722 2798 1039 2870 tenentes,
1086 2797 1167 2857 ut
1209 2798 1330 2858 aut
1394 2791 1786 2877 captivitate
1832 2796 1953 2856 aut
2003 2795 2214 2855 morte
2276 2789 2403 2854 sibi
2448 2792 2826 2857 resistentes
2852 2807 2949 2843 ers.

721 2896 1152 2963 involverent.
1247 2895 1410 2977 Quo,
1456 2896 1563 2961 vir
1614 2893 2026 2973 venerabilis,
2090 2893 2333 2980 agnitO,
2382 2902 2673 2973 copiosam
2732 2894 2826 2959 eis

718 3007 1026 3078 pecuniam
1063 2997 1322 3075 obtulit,
1370 3003 1440 3063 et
1484 3003 1812 3084 quatenus
1856 2996 1943 3062 ab
1990 2995 2362 3060 intentione
2408 3014 2529 3059 sua
2571 2996 2825 3060 recede-

718 3105 870 3165 rent
912 3100 1153 3164 humili
1221 3100 1664 3186 postulatione
1726 3098 2090 3164 admonuit.
2184 3098 2280 3162 At
2338 3096 2440 3160 illi
2484 3096 2825 3163 ferociores
2851 3113 2906 3162 A
2928 3111 3146 3176 descrip-

721 3224 805 3266 ex
849 3202 1030 3266 illius
1075 3202 1296 3267 verbis
1342 3202 1573 3278 effecti,
1619 3200 1718 3264 nil
1761 3222 1832 3264 se
1877 3200 1961 3265 ab
2007 3221 2082 3264 eo
2111 3221 2231 3285 pro
2274 3199 2568 3284 ipsorum
2600 3198 2824 3264 dimis-
2849 3178 3042 3297 gigig
3058 3179 3144 3229 ‘¹¹³

720 3304 900 3369 sione
932 3309 1309 3389 sumpturos
1354 3303 1491 3366 fore
1522 3301 1965 3387 proclamant3
2011 3301 2175 3385 quin
2218 3301 2421 3365 etiam
2465 3322 2601 3365 non
2630 3302 2824 3367 modo
3099 3306 3104 3311 ’

720 3405 943 3468 omnia
987 3425 1121 3480 sua,
1169 3425 1401 3468 verum
1462 3410 1531 3467 et
1583 3402 1866 3467 eundem
1925 3402 2143 3486 ipsum
2203 3402 2278 3466 in
2327 3402 2442 3487 jus
2487 3404 2824 3489 proprium

722 3526 791 3567 se
835 3510 1230 3589 accepturos,
1279 3504 1467 3568 nulla
1538 3524 1737 3569 causa
1791 3508 2081 3580 vetante,
2143 3504 2549 3571 confirmant.
2645 3507 2824 3588 Quid

721 3604 929 3689 igitur
972 3605 1224 3691 negotii
1285 3611 1478 3670 tenor
1537 3603 1917 3669 intenderet
1969 3604 2128 3670 socii
2189 3605 2517 3691 pontificis
2577 3608 2823 3674 intelli-

721 3712 966 3791 genteS,
1027 3707 1367 3791 praemissa
1409 3705 1890 3792 supplicatione
1943 3705 2029 3770 ad
2077 3706 2310 3785 Deum,
2357 3729 2541 3775 arma
2591 3710 2823 3797 arripi-

722 3813 888 3887 unt3
930 3808 1140 3894 magis
1185 3808 1483 3874 volentes
1527 3828 1706 3873 more
1736 3806 2031 3872 virorum
2062 3807 2323 3873 fortiter
2352 3809 2524 3876 bello
2567 3833 2824 3879 occuma

718 3909 884 3987 bere,
948 3932 1146 3996 quam
1211 3912 1455 3999 ignava
1496 3910 1886 3997 captivitate
1953 3910 2267 3997 longioris
2335 3913 2495 3979 vitae
2565 3902 2782 4000 spatio
2797 3915 2823 3955 ¹

718 4012 1038 4077 servando
1103 4014 1472 4099 producere.
1586 4012 1779 4093 Quod
1841 4012 1959 4077 ubi
2025 4033 2068 4077 a
2128 4014 2402 4100 paganis
2470 4017 2822 4103 cognitum,

716 4114 922 4180 aciem
985 4121 1250 4196 struere,
1318 4138 1396 4184 ac
1473 4116 1547 4181 in
1627 4115 1943 4203 populum
2012 4115 2282 4181 Domini
2349 4117 2483 4185 tela
2544 4119 2823 4208 dirigere

718 4216 1134 4285 festinabant.
1347 4246 1359 4258 ·

792 4328 971 4385 Stans
1006 4347 1236 4402 quoque
1261 4329 1533 4403 princeps
1558 4329 1932 4387 sacerdotum
1967 4329 2315 4387 idololatrias
2354 4349 2552 4395 coram
2575 4334 2819 4406 paganis
2845 4342 2958 4393 'l'he
2976 4357 3146 4409 pagan

716 4421 781 4475 in
814 4422 1042 4477 mmu10
1077 4422 1320 4488 excelso,
1361 4424 1484 4479 suis
1518 4422 1762 4494 magicis
1819 4414 2374 4481 incantaminibus
2419 4440 2569 4484 suos
2633 4420 2821 4504 quasi
2845 4409 3160 4526 ffiffigfiesst

718 4512 1160 4579 benedicendo
1227 4514 1603 4592 confortare,
1674 4536 1751 4580 ac
1819 4516 2023 4582 socios
2066 4516 2299 4617 famuli
2358 4517 2485 4584 Dei
2549 4520 2819 4589 maledi-

1507 4761 1523 4794 ¹
1559 4761 1751 4829 spatio]
1778 4762 1960 4828 uratia,
1982 4764 2044 4815 B·
