<?xml version="1.0" encoding="UTF-8"?>
<!DOCTYPE html PUBLIC "-//W3C//DTD XHTML 1.0 Transitional//EN"
    "http://www.w3.org/TR/xhtml1/DTD/xhtml1-transitional.dtd">
<html xmlns="http://www.w3.org/1999/xhtml" xml:lang="en" lang="en">
 <head>
  <title>
</title>
<meta http-equiv="Content-Type" content="text/html;charset=utf-8" />
  <meta name='ocr-system' content='tesseract 3.04.00' />
  <meta name='ocr-capabilities' content='ocr_page ocr_carea ocr_par ocr_line ocrx_word'/>
</head>
<body>
  <div class='ocr_page' id='page_1' title='image "./historianschurc01raingoog_0542.png"; bbox 0 0 3600 5800; ppageno 0'>
   <div class='ocr_carea' id='block_1_1' title="bbox 841 877 2303 952">
    <p class='ocr_par' dir='ltr' id='par_1_1' title="bbox 841 877 2303 952">
     <span class='ocr_line' id='line_1_1' title="bbox 841 877 2303 952; baseline -0.001 -12"><span class='ocrx_word' id='word_1_1' title='bbox 841 877 971 940; x_wconf 86' lang='lat'>446</span> <span class='ocrx_word' id='word_1_2' title='bbox 1477 888 1642 939; x_wconf 73' lang='lat' dir='ltr'>vrrA</span> <span class='ocrx_word' id='word_1_3' title='bbox 1685 888 1933 939; x_wconf 72' lang='lat' dir='ltr'>SANGH</span> <span class='ocrx_word' id='word_1_4' title='bbox 1977 888 2303 952; x_wconf 75' lang='lat' dir='ltr'>oswALm,</span> 
     </span>
    </p>
   </div>
   <div class='ocr_carea' id='block_1_2' title="bbox 501 1075 2955 2480">
    <p class='ocr_par' dir='ltr' id='par_1_2' title="bbox 501 1075 2955 2480">
     <span class='ocr_line' id='line_1_2' title="bbox 503 1075 2955 1164; baseline 0 -21"><span class='ocrx_word' id='word_1_5' title='bbox 503 1090 784 1158; x_wconf 74' lang='lat' dir='ltr'>Byrihtno-</span> <span class='ocrx_word' id='word_1_6' title='bbox 839 1082 877 1110; x_wconf 90' lang='lat'><strong>“</strong></span> <span class='ocrx_word' id='word_1_7' title='bbox 919 1077 1208 1144; x_wconf 80' lang='lat' dir='ltr'>seniores</span> <span class='ocrx_word' id='word_1_8' title='bbox 1271 1082 1343 1143; x_wconf 91' lang='lat' dir='ltr'>et</span> <span class='ocrx_word' id='word_1_9' title='bbox 1394 1076 1714 1164; x_wconf 87' lang='lat' dir='ltr'>juniores,</span> <span class='ocrx_word' id='word_1_10' title='bbox 1759 1076 1887 1143; x_wconf 91' lang='lat' dir='ltr'>hoc</span> <span class='ocrx_word' id='word_1_11' title='bbox 1949 1076 2129 1162; x_wconf 91' lang='lat' dir='ltr'>quod</span> <span class='ocrx_word' id='word_1_12' title='bbox 2190 1075 2480 1142; x_wconf 86' lang='lat' dir='ltr'>eximius</span> <span class='ocrx_word' id='word_1_13' title='bbox 2541 1075 2732 1141; x_wconf 87' lang='lat' dir='ltr'>miles</span> <span class='ocrx_word' id='word_1_14' title='bbox 2773 1095 2955 1143; x_wconf 89' lang='lat' dir='ltr'>nunc</span> 
     </span>
     <span class='ocr_line' id='line_1_3' title="bbox 501 1159 2954 1277; baseline -0.001 -33"><span class='ocrx_word' id='word_1_15' title='bbox 501 1159 816 1277; x_wconf 40' lang='lat' dir='ltr'>&amp;zat-speaks</span> <span class='ocrx_word' id='word_1_16' title='bbox 840 1185 876 1213; x_wconf 88' lang='lat'><strong>“</strong></span> <span class='ocrx_word' id='word_1_17' title='bbox 918 1179 1113 1258; x_wconf 80' lang='lat' dir='ltr'>dixit,</span> <span class='ocrx_word' id='word_1_18' title='bbox 1160 1179 1385 1247; x_wconf 86' lang='lat' dir='ltr'>cuncti</span> <span class='ocrx_word' id='word_1_19' title='bbox 1429 1179 1740 1245; x_wconf 91' lang='lat' dir='ltr'>volumus</span> <span class='ocrx_word' id='word_1_20' title='bbox 1810 1183 1881 1244; x_wconf 90' lang='lat' dir='ltr'>et</span> <span class='ocrx_word' id='word_1_21' title='bbox 1946 1178 2252 1265; x_wconf 88' lang='lat' dir='ltr'>cupimus</span> <span class='ocrx_word' id='word_1_22' title='bbox 2312 1182 2395 1244; x_wconf 91' lang='lat' dir='ltr'>ut</span> <span class='ocrx_word' id='word_1_23' title='bbox 2458 1198 2581 1244; x_wconf 89' lang='lat' dir='ltr'>vos</span> <span class='ocrx_word' id='word_1_24' title='bbox 2647 1178 2720 1244; x_wconf 90' lang='lat' dir='ltr'>id</span> <span class='ocrx_word' id='word_1_25' title='bbox 2783 1176 2954 1243; x_wconf 90' lang='lat' dir='ltr'>desi-</span> 
     </span>
     <span class='ocr_line' id='line_1_4' title="bbox 841 1281 1218 1347; baseline 0 0"><span class='ocrx_word' id='word_1_26' title='bbox 841 1289 876 1317; x_wconf 91' lang='lat'><strong>“</strong></span> <span class='ocrx_word' id='word_1_27' title='bbox 922 1282 1074 1347; x_wconf 86' lang='lat' dir='ltr'>dere</span> <span class='ocrx_word' id='word_1_28' title='bbox 1112 1282 1126 1297; x_wconf 85' lang='lat'><strong>‘</strong></span> <span class='ocrx_word' id='word_1_29' title='bbox 1184 1281 1218 1308; x_wconf 89' lang='lat'>&#39;’</span> 
     </span>
     <span class='ocr_line' id='line_1_5' title="bbox 504 1287 2952 1474; baseline 0.001 -29"><span class='ocrx_word' id='word_1_30' title='bbox 504 1395 734 1474; x_wconf 67' lang='lat' dir='ltr'>Alfirqm</span> <span class='ocrx_word' id='word_1_31' title='bbox 928 1287 1196 1451; x_wconf 49' lang='lat' dir='ltr'>Emffi</span> <span class='ocrx_word' id='word_1_32' title='bbox 1225 1385 1452 1452; x_wconf 91' lang='lat' dir='ltr'>eodem</span> <span class='ocrx_word' id='word_1_33' title='bbox 1483 1383 1760 1452; x_wconf 89' lang='lat' dir='ltr'>concilio</span> <span class='ocrx_word' id='word_1_34' title='bbox 1806 1383 1924 1470; x_wconf 91' lang='lat' dir='ltr'>qui</span> <span class='ocrx_word' id='word_1_35' title='bbox 1954 1382 2363 1449; x_wconf 85' lang='lat' dir='ltr'>Alfwoldum</span> <span class='ocrx_word' id='word_1_36' title='bbox 2395 1383 2808 1470; x_wconf 83' lang='lat' dir='ltr'>praedictum,</span> <span class='ocrx_word' id='word_1_37' title='bbox 2839 1382 2952 1448; x_wconf 92' lang='lat' dir='ltr'>de·</span> 
     </span>
     <span class='ocr_line' id='line_1_6' title="bbox 504 1478 2955 1579; baseline -0 -27"><span class='ocrx_word' id='word_1_38' title='bbox 504 1478 709 1579; x_wconf 56' lang='grc' dir='ltr'>ζζῖζῇ</span> <span class='ocrx_word' id='word_1_39' title='bbox 834 1486 1160 1553; x_wconf 87' lang='lat' dir='ltr'>fensorem</span> <span class='ocrx_word' id='word_1_40' title='bbox 1203 1486 1585 1555; x_wconf 71' lang='lat' dir='ltr'>monasticae</span> <span class='ocrx_word' id='word_1_41' title='bbox 1629 1486 1862 1574; x_wconf 90' lang='lat' dir='ltr'>plebis,</span> <span class='ocrx_word' id='word_1_42' title='bbox 1909 1485 2114 1553; x_wconf 87' lang='lat' dir='ltr'>verbo</span> <span class='ocrx_word' id='word_1_43' title='bbox 2160 1483 2457 1564; x_wconf 85' lang='lat' dir='ltr'>offendit,</span> <span class='ocrx_word' id='word_1_44' title='bbox 2491 1507 2688 1572; x_wconf 91' lang='lat' dir='ltr'>quem</span> <span class='ocrx_word' id='word_1_45' title='bbox 2722 1488 2955 1572; x_wconf 86' lang='lat' dir='ltr'>postea</span> 
     </span>
     <span class='ocr_line' id='line_1_7' title="bbox 502 1588 2954 1678; baseline -0 -24"><span class='ocrx_word' id='word_1_46' title='bbox 502 1611 628 1673; x_wconf 47' lang='grc' dir='ltr'><strong>ιιι-ειη</strong></span> <span class='ocrx_word' id='word_1_47' title='bbox 649 1595 764 1646; x_wconf 82' lang='lat' dir='ltr'>who</span> <span class='ocrx_word' id='word_1_48' title='bbox 836 1589 1149 1658; x_wconf 87' lang='lat' dir='ltr'>Davitico</span> <span class='ocrx_word' id='word_1_49' title='bbox 1223 1590 1453 1678; x_wconf 86' lang='lat' dir='ltr'>lapillo</span> <span class='ocrx_word' id='word_1_50' title='bbox 1521 1591 1736 1669; x_wconf 88' lang='lat' dir='ltr'>torsit,</span> <span class='ocrx_word' id='word_1_51' title='bbox 1814 1594 1885 1655; x_wconf 87' lang='lat' dir='ltr'>et</span> <span class='ocrx_word' id='word_1_52' title='bbox 1946 1610 2145 1675; x_wconf 91' lang='lat' dir='ltr'>quem</span> <span class='ocrx_word' id='word_1_53' title='bbox 2219 1589 2590 1676; x_wconf 70' lang='lat' dir='ltr'>praesertim</span> <span class='ocrx_word' id='word_1_54' title='bbox 2663 1588 2954 1655; x_wconf 74' lang='lat' dir='ltr'>max-ime</span> 
     </span>
     <span class='ocr_line' id='line_1_8' title="bbox 503 1663 2954 1812; baseline -0.001 -52"><span class='ocrx_word' id='word_1_55' title='bbox 503 1663 769 1793; x_wconf 53' lang='lat' dir='ltr'><strong>fflgflrw</strong></span> <span class='ocrx_word' id='word_1_56' title='bbox 838 1695 1129 1811; x_wconf 76' lang='lat' dir='ltr'>occidere</span> <span class='ocrx_word' id='word_1_57' title='bbox 1194 1695 1416 1812; x_wconf 75' lang='lat' dir='ltr'>jussit,</span> <span class='ocrx_word' id='word_1_58' title='bbox 1493 1693 1653 1812; x_wconf 81' lang='lat' dir='ltr'>quia</span> <span class='ocrx_word' id='word_1_59' title='bbox 1725 1698 1974 1810; x_wconf 86' lang='lat' dir='ltr'>terram</span> <span class='ocrx_word' id='word_1_60' title='bbox 1993 1795 2008 1810; x_wconf 47' lang='lat'><strong>·</strong></span> <span class='ocrx_word' id='word_1_61' title='bbox 2050 1712 2251 1778; x_wconf 88' lang='lat' dir='ltr'>quam</span> <span class='ocrx_word' id='word_1_62' title='bbox 2303 1690 2452 1811; x_wconf 56' lang='lat' dir='ltr'>(sic)</span> <span class='ocrx_word' id='word_1_63' title='bbox 2505 1693 2617 1811; x_wconf 38' lang='lat' dir='ltr'>‘ad</span> <span class='ocrx_word' id='word_1_64' title='bbox 2691 1712 2954 1759; x_wconf 89' lang='lat' dir='ltr'>monas-</span> 
     </span>
     <span class='ocr_line' id='line_1_9' title="bbox 508 1795 2955 1883; baseline 0.002 -25"><span class='ocrx_word' id='word_1_65' title='bbox 508 1796 751 1875; x_wconf 34' lang='lat' dir='ltr'>(Paeo-⁸</span> <span class='ocrx_word' id='word_1_66' title='bbox 837 1801 1082 1863; x_wconf 83' lang='lat' dir='ltr'>tenum</span> <span class='ocrx_word' id='word_1_67' title='bbox 1128 1796 1358 1864; x_wconf 79' lang='lat' dir='ltr'>Sanctl</span> <span class='ocrx_word' id='word_1_68' title='bbox 1404 1796 1602 1876; x_wconf 71' lang='lat' dir='ltr'>Petri,</span> <span class='ocrx_word' id='word_1_69' title='bbox 1657 1796 1837 1882; x_wconf 91' lang='lat' dir='ltr'>quod</span> <span class='ocrx_word' id='word_1_70' title='bbox 1881 1796 2128 1861; x_wconf 74' lang='lat' dir='ltr'>dicltur</span> <span class='ocrx_word' id='word_1_71' title='bbox 2171 1795 2376 1875; x_wconf 70' lang='lat' dir='ltr'>Bul-h,</span> <span class='ocrx_word' id='word_1_72' title='bbox 2424 1801 2675 1883; x_wconf 82' lang='lat' dir='ltr'>mJuste</span> <span class='ocrx_word' id='word_1_73' title='bbox 2717 1816 2955 1863; x_wconf 86' lang='lat' dir='ltr'>concu-</span> 
     </span>
     <span class='ocr_line' id='line_1_10' title="bbox 502 1862 2953 1987; baseline -0 -22"><span class='ocrx_word' id='word_1_74' title='bbox 502 1862 644 1980; x_wconf 51' lang='lat' dir='ltr'>¹12²ss</span> <span class='ocrx_word' id='word_1_75' title='bbox 654 1862 712 1913; x_wconf 46' lang='grc' dir='ltr'>οἱ</span> <span class='ocrx_word' id='word_1_76' title='bbox 735 1869 803 1914; x_wconf 68' lang='lat'>¹¹²⁵</span> <span class='ocrx_word' id='word_1_77' title='bbox 838 1900 1017 1987; x_wconf 91' lang='lat' dir='ltr'>pivit</span> <span class='ocrx_word' id='word_1_78' title='bbox 1059 1900 1186 1965; x_wconf 90' lang='lat' dir='ltr'>sibi</span> <span class='ocrx_word' id='word_1_79' title='bbox 1219 1898 1575 1968; x_wconf 80' lang='lat' dir='ltr'>vendicari.</span> <span class='ocrx_word' id='word_1_80' title='bbox 1666 1898 1943 1965; x_wconf 86' lang='lat' dir='ltr'>Patrato</span> <span class='ocrx_word' id='word_1_81' title='bbox 1971 1898 2228 1977; x_wconf 89' lang='lat' dir='ltr'>scelere,</span> <span class='ocrx_word' id='word_1_82' title='bbox 2274 1898 2467 1964; x_wconf 88' lang='lat' dir='ltr'>venit</span> <span class='ocrx_word' id='word_1_83' title='bbox 2494 1899 2582 1966; x_wconf 89' lang='lat' dir='ltr'>ad</span> <span class='ocrx_word' id='word_1_84' title='bbox 2611 1898 2953 1966; x_wconf 81' lang='lat' dir='ltr'>civitatem</span> 
     </span>
     <span class='ocr_line' id='line_1_11' title="bbox 843 2001 2948 2090; baseline -0 -22"><span class='ocrx_word' id='word_1_85' title='bbox 843 2001 1246 2083; x_wconf 84' lang='lat' dir='ltr'>Wintoniae3</span> <span class='ocrx_word' id='word_1_86' title='bbox 1291 2004 1409 2090; x_wconf 89' lang='lat' dir='ltr'>qui</span> <span class='ocrx_word' id='word_1_87' title='bbox 1475 2001 1861 2069; x_wconf 86' lang='lat' dir='ltr'>discalciens</span> <span class='ocrx_word' id='word_1_88' title='bbox 1928 2022 1998 2069; x_wconf 89' lang='lat' dir='ltr'>se</span> <span class='ocrx_word' id='word_1_89' title='bbox 2065 2001 2141 2067; x_wconf 89' lang='lat' dir='ltr'>in</span> <span class='ocrx_word' id='word_1_90' title='bbox 2206 2001 2499 2089; x_wconf 87' lang='lat' dir='ltr'>hospitio</span> <span class='ocrx_word' id='word_1_91' title='bbox 2566 2023 2704 2082; x_wconf 86' lang='lat' dir='ltr'>suc,</span> <span class='ocrx_word' id='word_1_92' title='bbox 2748 2001 2948 2068; x_wconf 88' lang='lat' dir='ltr'>nudis</span> 
     </span>
     <span class='ocr_line' id='line_1_12' title="bbox 840 2101 2954 2194; baseline 0.001 -24"><span class='ocrx_word' id='word_1_93' title='bbox 840 2107 1132 2191; x_wconf 83' lang='lat' dir='ltr'>perrexit</span> <span class='ocrx_word' id='word_1_94' title='bbox 1177 2101 1459 2194; x_wconf 78' lang='lat' dir='ltr'>pedibus</span> <span class='ocrx_word' id='word_1_95' title='bbox 1501 2105 1590 2172; x_wconf 86' lang='lat' dir='ltr'>ad</span> <span class='ocrx_word' id='word_1_96' title='bbox 1647 2104 2016 2171; x_wconf 87' lang='lat' dir='ltr'>beatissimi</span> <span class='ocrx_word' id='word_1_97' title='bbox 2060 2104 2470 2171; x_wconf 78' lang='lat' dir='ltr'>Athelwoldj</span> <span class='ocrx_word' id='word_1_98' title='bbox 2514 2106 2954 2192; x_wconf 87' lang='lat' dir='ltr'>praesentiam.</span> 
     </span>
     <span class='ocr_line' id='line_1_13' title="bbox 505 2207 2954 2325; baseline 0.003 -58"><span class='ocrx_word' id='word_1_99' title='bbox 505 2215 604 2267; x_wconf 81' lang='lat' dir='ltr'>His</span> <span class='ocrx_word' id='word_1_100' title='bbox 628 2218 803 2268; x_wconf 70' lang='lat' dir='ltr'>subse-</span> <span class='ocrx_word' id='word_1_101' title='bbox 839 2207 1050 2325; x_wconf 67' lang='lat' dir='ltr'>fJujus</span> <span class='ocrx_word' id='word_1_102' title='bbox 1094 2208 1372 2274; x_wconf 86' lang='lat' dir='ltr'>audiens</span> <span class='ocrx_word' id='word_1_103' title='bbox 1437 2207 1823 2324; x_wconf 72' lang='lat' dir='ltr'>adventum,</span> <span class='ocrx_word' id='word_1_104' title='bbox 1845 2309 1860 2324; x_wconf 45' lang='lat'><strong>·</strong></span> <span class='ocrx_word' id='word_1_105' title='bbox 1882 2212 1955 2273; x_wconf 92' lang='lat' dir='ltr'>et</span> <span class='ocrx_word' id='word_1_106' title='bbox 1998 2227 2201 2324; x_wconf 69' lang='lat' dir='ltr'>quare</span> <span class='ocrx_word' id='word_1_107' title='bbox 2245 2207 2371 2274; x_wconf 89' lang='lat' dir='ltr'>hoc</span> <span class='ocrx_word' id='word_1_108' title='bbox 2401 2228 2614 2325; x_wconf 36' lang='lat' dir='ltr'>‘agere</span> <span class='ocrx_word' id='word_1_109' title='bbox 2674 2208 2954 2294; x_wconf 73' lang='lat' dir='ltr'><strong>cepisset</strong></span> 
     </span>
     <span class='ocr_line' id='line_1_14' title="bbox 504 2291 2954 2414; baseline 0.001 -39"><span class='ocrx_word' id='word_1_110' title='bbox 504 2291 782 2414; x_wconf 50' lang='lat' dir='ltr'>fflffissffit</span> <span class='ocrx_word' id='word_1_111' title='bbox 837 2311 1232 2398; x_wconf 76' lang='lat' dir='ltr'>intelligens,</span> <span class='ocrx_word' id='word_1_112' title='bbox 1301 2315 1617 2398; x_wconf 70' lang='lat' dir='ltr'>praecepit</span> <span class='ocrx_word' id='word_1_113' title='bbox 1685 2310 1991 2376; x_wconf 90' lang='lat' dir='ltr'>ommbus</span> <span class='ocrx_word' id='word_1_114' title='bbox 2058 2331 2196 2375; x_wconf 73' lang='lat' dir='ltr'>suis</span> <span class='ocrx_word' id='word_1_115' title='bbox 2263 2309 2530 2376; x_wconf 77' lang='lat' dir='ltr'>obviam</span> <span class='ocrx_word' id='word_1_116' title='bbox 2606 2311 2954 2397; x_wconf 77' lang='lat' dir='ltr'>procedere</span> 
     </span>
     <span class='ocr_line' id='line_1_15' title="bbox 503 2411 2951 2480; baseline 0 -2"><span class='ocrx_word' id='word_1_117' title='bbox 503 2417 776 2469; x_wconf 73' lang='lat' dir='ltr'>winches-</span> <span class='ocrx_word' id='word_1_118' title='bbox 840 2414 994 2479; x_wconf 87' lang='lat' dir='ltr'>duci</span> <span class='ocrx_word' id='word_1_119' title='bbox 1040 2418 1110 2479; x_wconf 91' lang='lat' dir='ltr'>et</span> <span class='ocrx_word' id='word_1_120' title='bbox 1154 2413 1482 2480; x_wconf 87' lang='lat' dir='ltr'>defensori</span> <span class='ocrx_word' id='word_1_121' title='bbox 1526 2412 1831 2480; x_wconf 71' lang='lat' dir='ltr'>ecclesiae.</span> <span class='ocrx_word' id='word_1_122' title='bbox 1925 2411 2256 2477; x_wconf 81' lang='lat' dir='ltr'>Exierunt</span> <span class='ocrx_word' id='word_1_123' title='bbox 2290 2411 2582 2478; x_wconf 89' lang='lat' dir='ltr'>ministri</span> <span class='ocrx_word' id='word_1_124' title='bbox 2625 2413 2951 2479; x_wconf 89' lang='lat' dir='ltr'>honestis-</span> 
     </span>
    </p>
   </div>
   <div class='ocr_carea' id='block_1_3' title="bbox 504 2484 2953 3526">
    <p class='ocr_par' dir='ltr' id='par_1_3' title="bbox 504 2484 2953 3319">
     <span class='ocr_line' id='line_1_16' title="bbox 504 2484 2953 2615; baseline 0 -35"><span class='ocrx_word' id='word_1_125' title='bbox 504 2484 816 2615; x_wconf 49' lang='lat' dir='ltr'>ffisshfflfflffc,</span> <span class='ocrx_word' id='word_1_126' title='bbox 841 2516 1004 2581; x_wconf 71' lang='lat' dir='ltr'>sime</span> <span class='ocrx_word' id='word_1_127' title='bbox 1049 2515 1291 2593; x_wconf 70' lang='lat' dir='ltr'>induti,</span> <span class='ocrx_word' id='word_1_128' title='bbox 1339 2514 1455 2601; x_wconf 86' lang='lat' dir='ltr'>qui</span> <span class='ocrx_word' id='word_1_129' title='bbox 1486 2514 1875 2581; x_wconf 70' lang='lat' dir='ltr'>deferebant</span> <span class='ocrx_word' id='word_1_130' title='bbox 1919 2514 2192 2601; x_wconf 76' lang='lat' dir='ltr'>quidam</span> <span class='ocrx_word' id='word_1_131' title='bbox 2236 2513 2440 2580; x_wconf 77' lang='lat' dir='ltr'>libros</span> <span class='ocrx_word' id='word_1_132' title='bbox 2485 2515 2697 2581; x_wconf 75' lang='lat' dir='ltr'>saneti</span> <span class='ocrx_word' id='word_1_133' title='bbox 2729 2514 2953 2581; x_wconf 76' lang='lat' dir='ltr'>Evan-</span> 
     </span>
     <span class='ocr_line' id='line_1_17' title="bbox 841 2615 2950 2703; baseline 0 -21"><span class='ocrx_word' id='word_1_134' title='bbox 841 2616 1014 2703; x_wconf 84' lang='lat' dir='ltr'>gelii,</span> <span class='ocrx_word' id='word_1_135' title='bbox 1046 2616 1163 2682; x_wconf 86' lang='lat' dir='ltr'>alii</span> <span class='ocrx_word' id='word_1_136' title='bbox 1207 2636 1448 2702; x_wconf 87' lang='lat' dir='ltr'>aquam</span> <span class='ocrx_word' id='word_1_137' title='bbox 1491 2615 1911 2682; x_wconf 74' lang='lat' dir='ltr'>benedictam</span> <span class='ocrx_word' id='word_1_138' title='bbox 1952 2620 2022 2681; x_wconf 91' lang='lat' dir='ltr'>et</span> <span class='ocrx_word' id='word_1_139' title='bbox 2066 2636 2342 2694; x_wconf 89' lang='lat' dir='ltr'>crucem,</span> <span class='ocrx_word' id='word_1_140' title='bbox 2389 2616 2694 2681; x_wconf 78' lang='lat' dir='ltr'>nonnulli</span> <span class='ocrx_word' id='word_1_141' title='bbox 2717 2629 2751 2664; x_wconf 74' lang='lat'>⁸</span> <span class='ocrx_word' id='word_1_142' title='bbox 2791 2615 2950 2682; x_wconf 88' lang='lat' dir='ltr'>thus</span> 
     </span>
     <span class='ocr_line' id='line_1_18' title="bbox 841 2719 2951 2807; baseline -0 -20"><span class='ocrx_word' id='word_1_143' title='bbox 841 2726 912 2787; x_wconf 93' lang='lat' dir='ltr'>et</span> <span class='ocrx_word' id='word_1_144' title='bbox 940 2720 1372 2799; x_wconf 89' lang='lat' dir='ltr'>thuribulum,</span> <span class='ocrx_word' id='word_1_145' title='bbox 1404 2720 1779 2807; x_wconf 74' lang='lat' dir='ltr'>pariterque</span> <span class='ocrx_word' id='word_1_146' title='bbox 1810 2719 2204 2787; x_wconf 86' lang='lat' dir='ltr'>candelabra</span> <span class='ocrx_word' id='word_1_147' title='bbox 2231 2742 2382 2788; x_wconf 85' lang='lat' dir='ltr'>cum</span> <span class='ocrx_word' id='word_1_148' title='bbox 2411 2720 2742 2788; x_wconf 88' lang='lat' dir='ltr'>candelis:</span> <span class='ocrx_word' id='word_1_149' title='bbox 2770 2742 2951 2788; x_wconf 91' lang='lat' dir='ltr'>cum-</span> 
     </span>
     <span class='ocr_line' id='line_1_19' title="bbox 843 2820 2953 2911; baseline 0 -23"><span class='ocrx_word' id='word_1_150' title='bbox 843 2843 972 2911; x_wconf 89' lang='lat' dir='ltr'>que</span> <span class='ocrx_word' id='word_1_151' title='bbox 1017 2827 1279 2888; x_wconf 85' lang='lat' dir='ltr'>oratum</span> <span class='ocrx_word' id='word_1_152' title='bbox 1323 2825 1511 2901; x_wconf 90' lang='lat' dir='ltr'>esset,</span> <span class='ocrx_word' id='word_1_153' title='bbox 1559 2820 1732 2888; x_wconf 88' lang='lat' dir='ltr'>sicut</span> <span class='ocrx_word' id='word_1_154' title='bbox 1776 2821 2098 2909; x_wconf 86' lang='lat' dir='ltr'>regularis</span> <span class='ocrx_word' id='word_1_155' title='bbox 2127 2842 2363 2887; x_wconf 88' lang='lat' dir='ltr'>norma</span> <span class='ocrx_word' id='word_1_156' title='bbox 2406 2821 2722 2909; x_wconf 71' lang='lat' dir='ltr'>praecipit,</span> <span class='ocrx_word' id='word_1_157' title='bbox 2744 2822 2953 2910; x_wconf 83' lang='lat' dir='ltr'>jussit</span> 
     </span>
     <span class='ocr_line' id='line_1_20' title="bbox 845 2923 2952 3011; baseline -0.001 -17"><span class='ocrx_word' id='word_1_158' title='bbox 845 2926 1099 2994; x_wconf 85' lang='lat' dir='ltr'>Christi</span> <span class='ocrx_word' id='word_1_159' title='bbox 1142 2925 1330 2991; x_wconf 87' lang='lat' dir='ltr'>miles</span> <span class='ocrx_word' id='word_1_160' title='bbox 1382 2925 1602 3011; x_wconf 90' lang='lat' dir='ltr'>ipsum</span> <span class='ocrx_word' id='word_1_161' title='bbox 1646 2923 1951 3004; x_wconf 86' lang='lat' dir='ltr'>calciari3</span> <span class='ocrx_word' id='word_1_162' title='bbox 1995 2925 2112 3011; x_wconf 91' lang='lat' dir='ltr'>qui</span> <span class='ocrx_word' id='word_1_163' title='bbox 2157 2925 2441 2990; x_wconf 90' lang='lat' dir='ltr'>eundem</span> <span class='ocrx_word' id='word_1_164' title='bbox 2487 2924 2661 2990; x_wconf 92' lang='lat' dir='ltr'>diem</span> <span class='ocrx_word' id='word_1_165' title='bbox 2707 2945 2952 3011; x_wconf 87' lang='lat' dir='ltr'>magna</span> 
     </span>
     <span class='ocr_line' id='line_1_21' title="bbox 843 3025 2951 3113; baseline -0.002 -17"><span class='ocrx_word' id='word_1_166' title='bbox 843 3051 994 3096; x_wconf 87' lang='lat' dir='ltr'>cum</span> <span class='ocrx_word' id='word_1_167' title='bbox 1057 3027 1471 3095; x_wconf 80' lang='lat' dir='ltr'>exultatione</span> <span class='ocrx_word' id='word_1_168' title='bbox 1537 3031 1952 3113; x_wconf 84' lang='lat' dir='ltr'>peregerunt.</span> <span class='ocrx_word' id='word_1_169' title='bbox 2042 3025 2366 3091; x_wconf 89' lang='lat' dir='ltr'>Defendit</span> <span class='ocrx_word' id='word_1_170' title='bbox 2431 3026 2584 3112; x_wconf 88' lang='lat' dir='ltr'>pius</span> <span class='ocrx_word' id='word_1_171' title='bbox 2647 3026 2951 3113; x_wconf 88' lang='lat' dir='ltr'>princeps</span> 
     </span>
     <span class='ocr_line' id='line_1_22' title="bbox 844 3128 2948 3217; baseline -0.002 -17"><span class='ocrx_word' id='word_1_172' title='bbox 844 3131 1285 3200; x_wconf 76' lang='lat' dir='ltr'>Orientalium</span> <span class='ocrx_word' id='word_1_173' title='bbox 1328 3130 1700 3217; x_wconf 85' lang='lat' dir='ltr'>Anglorum</span> <span class='ocrx_word' id='word_1_174' title='bbox 1745 3128 1972 3195; x_wconf 89' lang='lat' dir='ltr'>omnia</span> <span class='ocrx_word' id='word_1_175' title='bbox 2015 3128 2160 3196; x_wconf 88' lang='lat' dir='ltr'>loca</span> <span class='ocrx_word' id='word_1_176' title='bbox 2201 3129 2753 3196; x_wconf 83' lang='lat' dir='ltr'>monasteriorum</span> <span class='ocrx_word' id='word_1_177' title='bbox 2796 3151 2948 3197; x_wconf 92' lang='lat' dir='ltr'>cum</span> 
     </span>
     <span class='ocr_line' id='line_1_23' title="bbox 840 3229 2802 3319; baseline -0.002 -19"><span class='ocrx_word' id='word_1_178' title='bbox 840 3236 1132 3302; x_wconf 83' lang='lat' dir='ltr'>maximo</span> <span class='ocrx_word' id='word_1_179' title='bbox 1177 3233 1440 3311; x_wconf 88' lang='lat' dir='ltr'>honore,</span> <span class='ocrx_word' id='word_1_180' title='bbox 1486 3252 1607 3319; x_wconf 87' lang='lat' dir='ltr'>pro</span> <span class='ocrx_word' id='word_1_181' title='bbox 1653 3251 1787 3318; x_wconf 89' lang='lat' dir='ltr'>qua</span> <span class='ocrx_word' id='word_1_182' title='bbox 1830 3252 1902 3297; x_wconf 89' lang='lat' dir='ltr'>re</span> <span class='ocrx_word' id='word_1_183' title='bbox 1947 3231 2202 3297; x_wconf 89' lang='lat' dir='ltr'>amicus</span> <span class='ocrx_word' id='word_1_184' title='bbox 2245 3229 2376 3297; x_wconf 89' lang='lat' dir='ltr'>Dei</span> <span class='ocrx_word' id='word_1_185' title='bbox 2421 3231 2641 3298; x_wconf 89' lang='lat' dir='ltr'>dictus</span> <span class='ocrx_word' id='word_1_186' title='bbox 2686 3235 2802 3297; x_wconf 88' lang='lat' dir='ltr'>est.</span> 
     </span>
    </p>

    <p class='ocr_par' dir='ltr' id='par_1_4' title="bbox 506 3333 2947 3424">
     <span class='ocr_line' id='line_1_24' title="bbox 506 3333 2947 3424; baseline -0.002 -21"><span class='ocrx_word' id='word_1_187' title='bbox 506 3340 629 3420; x_wconf 60' lang='lat' dir='ltr'>The,</span> <span class='ocrx_word' id='word_1_188' title='bbox 642 3356 781 3392; x_wconf 81' lang='lat' dir='ltr'>00m-</span> <span class='ocrx_word' id='word_1_189' title='bbox 931 3338 1029 3405; x_wconf 91' lang='lat' dir='ltr'>Eo</span> <span class='ocrx_word' id='word_1_190' title='bbox 1074 3343 1368 3424; x_wconf 87' lang='lat' dir='ltr'>tempore</span> <span class='ocrx_word' id='word_1_191' title='bbox 1435 3338 1888 3402; x_wconf 86' lang='lat' dir='ltr'>constructum</span> <span class='ocrx_word' id='word_1_192' title='bbox 1951 3338 2057 3399; x_wconf 89' lang='lat' dir='ltr'>est</span> <span class='ocrx_word' id='word_1_193' title='bbox 2101 3333 2412 3400; x_wconf 82' lang='lat' dir='ltr'>decenter</span> <span class='ocrx_word' id='word_1_194' title='bbox 2473 3334 2947 3401; x_wconf 90' lang='lat' dir='ltr'>monasterium</span> 
     </span>
    </p>

    <p class='ocr_par' dir='ltr' id='par_1_5' title="bbox 505 3409 2948 3526">
     <span class='ocr_line' id='line_1_25' title="bbox 505 3409 2948 3526; baseline -0.002 -21"><span class='ocrx_word' id='word_1_195' title='bbox 505 3409 703 3472; x_wconf 80' lang='lat' dir='ltr'>pletmn</span> <span class='ocrx_word' id='word_1_196' title='bbox 726 3409 789 3459; x_wconf 48' lang='grc' dir='ltr'>οἰ</span> <span class='ocrx_word' id='word_1_197' title='bbox 840 3441 1019 3526; x_wconf 92' lang='lat' dir='ltr'>quod</span> <span class='ocrx_word' id='word_1_198' title='bbox 1063 3440 1204 3525; x_wconf 90' lang='lat' dir='ltr'>ipse</span> <span class='ocrx_word' id='word_1_199' title='bbox 1269 3442 1340 3503; x_wconf 94' lang='lat' dir='ltr'>et</span> <span class='ocrx_word' id='word_1_200' title='bbox 1405 3435 1801 3502; x_wconf 87' lang='lat' dir='ltr'>reverendus</span> <span class='ocrx_word' id='word_1_201' title='bbox 1868 3433 2219 3501; x_wconf 85' lang='lat' dir='ltr'>Oswaldus</span> <span class='ocrx_word' id='word_1_202' title='bbox 2276 3433 2803 3522; x_wconf 77' lang='lat' dir='ltr'>archiepiscopus</span> <span class='ocrx_word' id='word_1_203' title='bbox 2846 3436 2948 3501; x_wconf 87' lang='lat' dir='ltr'>in-</span> 
     </span>
    </p>
   </div>
   <div class='ocr_carea' id='block_1_4' title="bbox 503 3475 2951 4758">
    <p class='ocr_par' dir='ltr' id='par_1_6' title="bbox 503 3475 2950 4238">
     <span class='ocr_line' id='line_1_26' title="bbox 503 3475 819 3526; baseline 0.009 -2"><span class='ocrx_word' id='word_1_204' title='bbox 503 3475 594 3525; x_wconf 87' lang='lat' dir='ltr'>the</span> <span class='ocrx_word' id='word_1_205' title='bbox 616 3491 819 3526; x_wconf 82' lang='lat' dir='ltr'>monas-</span> 
     </span>
     <span class='ocr_line' id='line_1_27' title="bbox 505 3537 2949 3630; baseline -0.001 -23"><span class='ocrx_word' id='word_1_206' title='bbox 505 3547 621 3607; x_wconf 76' lang='lat' dir='ltr'>tery</span> <span class='ocrx_word' id='word_1_207' title='bbox 640 3541 700 3592; x_wconf 81' lang='lat' dir='ltr'>of</span> <span class='ocrx_word' id='word_1_208' title='bbox 838 3546 1172 3630; x_wconf 90' lang='lat' dir='ltr'>ceperunt,</span> <span class='ocrx_word' id='word_1_209' title='bbox 1219 3539 1395 3626; x_wconf 89' lang='lat' dir='ltr'>quod</span> <span class='ocrx_word' id='word_1_210' title='bbox 1465 3538 1605 3626; x_wconf 87' lang='lat' dir='ltr'>ipse</span> <span class='ocrx_word' id='word_1_211' title='bbox 1649 3542 1842 3625; x_wconf 87' lang='lat' dir='ltr'>pater</span> <span class='ocrx_word' id='word_1_212' title='bbox 1908 3537 2334 3615; x_wconf 87' lang='lat' dir='ltr'>consecravit,</span> <span class='ocrx_word' id='word_1_213' title='bbox 2380 3537 2653 3625; x_wconf 85' lang='lat' dir='ltr'>adjutus</span> <span class='ocrx_word' id='word_1_214' title='bbox 2696 3538 2949 3606; x_wconf 90' lang='lat' dir='ltr'>Divino</span> 
     </span>
     <span class='ocr_line' id='line_1_28' title="bbox 506 3608 2947 3727; baseline -0.003 -15"><span class='ocrx_word' id='word_1_215' title='bbox 506 3608 750 3725; x_wconf 47' lang='grc' dir='ltr'>ῗῖξξέιῖ</span> <span class='ocrx_word' id='word_1_216' title='bbox 840 3644 1094 3712; x_wconf 83' lang='lat' dir='ltr'>auxilio</span> <span class='ocrx_word' id='word_1_217' title='bbox 1137 3647 1209 3709; x_wconf 91' lang='lat' dir='ltr'>et</span> <span class='ocrx_word' id='word_1_218' title='bbox 1274 3640 1685 3708; x_wconf 77' lang='lat' dir='ltr'>confortatus</span> <span class='ocrx_word' id='word_1_219' title='bbox 1752 3637 2182 3706; x_wconf 88' lang='lat' dir='ltr'>amminiculo</span> <span class='ocrx_word' id='word_1_220' title='bbox 2249 3638 2579 3705; x_wconf 87' lang='lat' dir='ltr'>AElfnothi</span> <span class='ocrx_word' id='word_1_221' title='bbox 2641 3640 2947 3727; x_wconf 83' lang='lat' dir='ltr'>episcopi,</span> 
     </span>
     <span class='ocr_line' id='line_1_29' title="bbox 507 3740 2950 3858; baseline -0.002 -46"><span class='ocrx_word' id='word_1_222' title='bbox 507 3740 752 3858; x_wconf 56' lang='lat' dir='ltr'>AElfssssth</span> <span class='ocrx_word' id='word_1_223' title='bbox 841 3748 957 3834; x_wconf 85' lang='lat' dir='ltr'>qui</span> <span class='ocrx_word' id='word_1_224' title='bbox 1003 3767 1200 3833; x_wconf 88' lang='lat' dir='ltr'>super</span> <span class='ocrx_word' id='word_1_225' title='bbox 1242 3742 1434 3808; x_wconf 87' lang='lat' dir='ltr'>illum</span> <span class='ocrx_word' id='word_1_226' title='bbox 1478 3741 1697 3809; x_wconf 91' lang='lat' dir='ltr'>locum</span> <span class='ocrx_word' id='word_1_227' title='bbox 1742 3745 1889 3807; x_wconf 87' lang='lat' dir='ltr'>erat</span> <span class='ocrx_word' id='word_1_228' title='bbox 1917 3741 2339 3807; x_wconf 89' lang='lat' dir='ltr'>constitutus.</span> <span class='ocrx_word' id='word_1_229' title='bbox 2436 3740 2751 3822; x_wconf 80' lang='lat' dir='ltr'>Qualibet</span> <span class='ocrx_word' id='word_1_230' title='bbox 2780 3740 2950 3808; x_wconf 87' lang='lat' dir='ltr'>illud</span> 
     </span>
     <span class='ocr_line' id='line_1_30' title="bbox 503 3815 2950 3931; baseline -0.002 -16"><span class='ocrx_word' id='word_1_231' title='bbox 503 3815 718 3926; x_wconf 46' lang='grc' dir='ltr'>ζιῗιξξμθ</span> <span class='ocrx_word' id='word_1_232' title='bbox 840 3847 1311 3914; x_wconf 90' lang='lat' dir='ltr'>monasterium</span> <span class='ocrx_word' id='word_1_233' title='bbox 1379 3844 1782 3910; x_wconf 83' lang='lat' dir='ltr'>ornamentis</span> <span class='ocrx_word' id='word_1_234' title='bbox 1847 3843 2115 3921; x_wconf 85' lang='lat' dir='ltr'>ditavit,</span> <span class='ocrx_word' id='word_1_235' title='bbox 2159 3848 2230 3909; x_wconf 87' lang='lat' dir='ltr'>et</span> <span class='ocrx_word' id='word_1_236' title='bbox 2289 3842 2590 3931; x_wconf 87' lang='lat' dir='ltr'>gloriosis</span> <span class='ocrx_word' id='word_1_237' title='bbox 2658 3845 2950 3910; x_wconf 89' lang='lat' dir='ltr'>muneri-</span> 
     </span>
     <span class='ocr_line' id='line_1_31' title="bbox 503 3944 2949 4034; baseline -0.002 -16"><span class='ocrx_word' id='word_1_238' title='bbox 503 3956 615 4034; x_wconf 56' lang='lat' dir='ltr'>&#39;lsshe</span> <span class='ocrx_word' id='word_1_239' title='bbox 634 3955 745 4008; x_wconf 78' lang='lat' dir='ltr'>rich</span> <span class='ocrx_word' id='word_1_240' title='bbox 840 3951 966 4017; x_wconf 88' lang='lat' dir='ltr'>bus</span> <span class='ocrx_word' id='word_1_241' title='bbox 1011 3948 1362 4017; x_wconf 83' lang='lat' dir='ltr'>exornavit</span> <span class='ocrx_word' id='word_1_242' title='bbox 1406 3947 1555 4033; x_wconf 91' lang='lat' dir='ltr'>quis</span> <span class='ocrx_word' id='word_1_243' title='bbox 1605 3946 1962 4033; x_wconf 70' lang='lat' dir='ltr'>expediet?</span> <span class='ocrx_word' id='word_1_244' title='bbox 2053 3945 2284 4011; x_wconf 86' lang='lat' dir='ltr'>Libros</span> <span class='ocrx_word' id='word_1_245' title='bbox 2322 3944 2554 4013; x_wconf 83' lang='lat' dir='ltr'>Sancti</span> <span class='ocrx_word' id='word_1_246' title='bbox 2600 3945 2949 4033; x_wconf 86' lang='lat' dir='ltr'>Evangelii</span> 
     </span>
     <span class='ocr_line' id='line_1_32' title="bbox 503 4023 2950 4142; baseline -0.003 -19"><span class='ocrx_word' id='word_1_247' title='bbox 503 4023 795 4142; x_wconf 35' lang='lat' dir='ltr'>gaz-mdo</span> <span class='ocrx_word' id='word_1_248' title='bbox 841 4053 1177 4132; x_wconf 89' lang='lat' dir='ltr'>concessit,</span> <span class='ocrx_word' id='word_1_249' title='bbox 1236 4055 1454 4117; x_wconf 87' lang='lat' dir='ltr'>vestes</span> <span class='ocrx_word' id='word_1_250' title='bbox 1513 4049 1600 4115; x_wconf 92' lang='lat' dir='ltr'>ad</span> <span class='ocrx_word' id='word_1_251' title='bbox 1645 4048 2163 4115; x_wconf 89' lang='lat' dir='ltr'>ministrandum</span> <span class='ocrx_word' id='word_1_252' title='bbox 2206 4048 2351 4115; x_wconf 92' lang='lat' dir='ltr'>Deo</span> <span class='ocrx_word' id='word_1_253' title='bbox 2401 4047 2665 4128; x_wconf 88' lang='lat' dir='ltr'>obtulit,</span> <span class='ocrx_word' id='word_1_254' title='bbox 2711 4055 2950 4117; x_wconf 88' lang='lat' dir='ltr'>cuncta</span> 
     </span>
     <span class='ocr_line' id='line_1_33' title="bbox 841 4150 2947 4238; baseline -0.004 -13"><span class='ocrx_word' id='word_1_255' title='bbox 841 4157 1205 4225; x_wconf 86' lang='lat' dir='ltr'>necessaria</span> <span class='ocrx_word' id='word_1_256' title='bbox 1250 4153 1535 4221; x_wconf 76' lang='lat' dir='ltr'>ecclesiae</span> <span class='ocrx_word' id='word_1_257' title='bbox 1565 4151 1767 4229; x_wconf 91' lang='lat' dir='ltr'>dedit,</span> <span class='ocrx_word' id='word_1_258' title='bbox 1799 4157 1886 4230; x_wconf 89' lang='lat' dir='ltr'>et,</span> <span class='ocrx_word' id='word_1_259' title='bbox 1917 4156 1998 4217; x_wconf 94' lang='lat' dir='ltr'>ut</span> <span class='ocrx_word' id='word_1_260' title='bbox 2027 4151 2253 4238; x_wconf 80' lang='lat' dir='ltr'>paucis</span> <span class='ocrx_word' id='word_1_261' title='bbox 2294 4150 2681 4218; x_wconf 88' lang='lat' dir='ltr'>concludam</span> <span class='ocrx_word' id='word_1_262' title='bbox 2709 4151 2947 4231; x_wconf 88' lang='lat' dir='ltr'>verbis,</span> 
     </span>
    </p>

    <p class='ocr_par' dir='ltr' id='par_1_7' title="bbox 759 4253 2949 4443">
     <span class='ocr_line' id='line_1_34' title="bbox 759 4253 2946 4346; baseline -0.003 -18"><span class='ocrx_word' id='word_1_263' title='bbox 759 4334 772 4346; x_wconf 58' lang='lat'>‚</span> <span class='ocrx_word' id='word_1_264' title='bbox 841 4261 1090 4339; x_wconf 79' lang='lat' dir='ltr'>calices,</span> <span class='ocrx_word' id='word_1_265' title='bbox 1115 4257 1332 4325; x_wconf 86' lang='lat' dir='ltr'>sciffos</span> <span class='ocrx_word' id='word_1_266' title='bbox 1364 4253 1720 4342; x_wconf 82' lang='lat' dir='ltr'>(scyphos),</span> <span class='ocrx_word' id='word_1_267' title='bbox 1743 4253 2179 4341; x_wconf 87' lang='lat' dir='ltr'>manutergia,</span> <span class='ocrx_word' id='word_1_268' title='bbox 2212 4253 2522 4320; x_wconf 83' lang='lat' dir='ltr'>sexonica</span> <span class='ocrx_word' id='word_1_269' title='bbox 2546 4253 2862 4339; x_wconf 85' lang='lat' dir='ltr'>(sextoria</span> <span class='ocrx_word' id='word_1_270' title='bbox 2876 4256 2946 4341; x_wconf 75' lang='lat'>2),</span> 
     </span>
     <span class='ocr_line' id='line_1_35' title="bbox 842 4355 2949 4443; baseline -0.009 -14"><span class='ocrx_word' id='word_1_271' title='bbox 842 4383 1088 4431; x_wconf 87' lang='lat' dir='ltr'>cornua</span> <span class='ocrx_word' id='word_1_272' title='bbox 1130 4360 1218 4427; x_wconf 89' lang='lat' dir='ltr'>ad</span> <span class='ocrx_word' id='word_1_273' title='bbox 1259 4358 1495 4424; x_wconf 81' lang='lat' dir='ltr'>vinum</span> <span class='ocrx_word' id='word_1_274' title='bbox 1539 4356 1973 4435; x_wconf 85' lang='lat' dir='ltr'>fundendum,</span> <span class='ocrx_word' id='word_1_275' title='bbox 2019 4356 2369 4443; x_wconf 75' lang='lat' dir='ltr'>stragulae,</span> <span class='ocrx_word' id='word_1_276' title='bbox 2413 4355 2684 4443; x_wconf 73' lang='lat' dir='ltr'>tapetia,</span> <span class='ocrx_word' id='word_1_277' title='bbox 2729 4356 2949 4425; x_wconf 70' lang='lat' dir='ltr'>lectis-</span> 
     </span>
    </p>

    <p class='ocr_par' dir='ltr' id='par_1_8' title="bbox 843 4458 2949 4545">
     <span class='ocr_line' id='line_1_36' title="bbox 843 4458 2949 4545; baseline -0.004 -12"><span class='ocrx_word' id='word_1_278' title='bbox 843 4466 1077 4543; x_wconf 86' lang='lat' dir='ltr'>ternia,</span> <span class='ocrx_word' id='word_1_279' title='bbox 1108 4461 1412 4540; x_wconf 87' lang='lat' dir='ltr'>cortinas,</span> <span class='ocrx_word' id='word_1_280' title='bbox 1444 4459 1735 4528; x_wconf 88' lang='lat' dir='ltr'>cucullas</span> <span class='ocrx_word' id='word_1_281' title='bbox 1762 4458 2065 4538; x_wconf 84' lang='lat' dir='ltr'>fratrum,</span> <span class='ocrx_word' id='word_1_282' title='bbox 2097 4458 2365 4545; x_wconf 89' lang='lat' dir='ltr'>pellicia</span> <span class='ocrx_word' id='word_1_283' title='bbox 2389 4481 2405 4538; x_wconf 90' lang='lat'>;</span> <span class='ocrx_word' id='word_1_284' title='bbox 2434 4458 2660 4544; x_wconf 90' lang='lat' dir='ltr'>sicque</span> <span class='ocrx_word' id='word_1_285' title='bbox 2687 4463 2768 4524; x_wconf 90' lang='lat' dir='ltr'>ut</span> <span class='ocrx_word' id='word_1_286' title='bbox 2795 4480 2949 4526; x_wconf 90' lang='lat' dir='ltr'>cum</span> 
     </span>
    </p>

    <p class='ocr_par' dir='ltr' id='par_1_9' title="bbox 841 4559 2951 4650">
     <span class='ocr_line' id='line_1_37' title="bbox 841 4559 2951 4650; baseline -0.003 -16"><span class='ocrx_word' id='word_1_287' title='bbox 841 4568 1089 4634; x_wconf 89' lang='lat' dir='ltr'>honore</span> <span class='ocrx_word' id='word_1_288' title='bbox 1132 4563 1422 4631; x_wconf 91' lang='lat' dir='ltr'>Domino</span> <span class='ocrx_word' id='word_1_289' title='bbox 1466 4582 1710 4650; x_wconf 86' lang='lat' dir='ltr'>parere.</span> <span class='ocrx_word' id='word_1_290' title='bbox 1806 4559 1918 4626; x_wconf 87' lang='lat' dir='ltr'>Sic</span> <span class='ocrx_word' id='word_1_291' title='bbox 1963 4563 2034 4626; x_wconf 91' lang='lat' dir='ltr'>et</span> <span class='ocrx_word' id='word_1_292' title='bbox 2076 4563 2449 4647; x_wconf 70' lang='lat' dir='ltr'>praepotens</span> <span class='ocrx_word' id='word_1_293' title='bbox 2512 4559 2654 4624; x_wconf 84' lang='lat' dir='ltr'>dux</span> <span class='ocrx_word' id='word_1_294' title='bbox 2711 4560 2785 4625; x_wconf 88' lang='lat' dir='ltr'>in</span> <span class='ocrx_word' id='word_1_295' title='bbox 2830 4580 2951 4629; x_wconf 88' lang='lat' dir='ltr'>sua</span> 
     </span>
    </p>

    <p class='ocr_par' dir='ltr' id='par_1_10' title="bbox 843 4660 2950 4758">
     <span class='ocr_line' id='line_1_38' title="bbox 843 4660 2950 4758; baseline -0.003 -21"><span class='ocrx_word' id='word_1_296' title='bbox 843 4660 1033 4758; x_wconf 78' lang='lat' dir='ltr'>parte</span> <span class='ocrx_word' id='word_1_297' title='bbox 1086 4664 1403 4755; x_wconf 89' lang='lat' dir='ltr'>quicquid</span> <span class='ocrx_word' id='word_1_298' title='bbox 1447 4663 1784 4752; x_wconf 83' lang='lat' dir='ltr'>egregium</span> <span class='ocrx_word' id='word_1_299' title='bbox 1831 4660 2076 4727; x_wconf 91' lang='lat' dir='ltr'>habuit</span> <span class='ocrx_word' id='word_1_300' title='bbox 2134 4666 2257 4729; x_wconf 89' lang='lat' dir='ltr'>aut</span> <span class='ocrx_word' id='word_1_301' title='bbox 2315 4660 2691 4750; x_wconf 87' lang='lat' dir='ltr'>acquisivit,</span> <span class='ocrx_word' id='word_1_302' title='bbox 2735 4660 2950 4730; x_wconf 85' lang='lat' dir='ltr'>libens</span> 
     </span>
    </p>
   </div>
   <div class='ocr_carea' id='block_1_5' title="bbox 1573 4794 2216 4849">
    <p class='ocr_par' dir='ltr' id='par_1_11' title="bbox 1573 4794 2216 4849">
     <span class='ocr_line' id='line_1_39' title="bbox 1573 4794 2216 4849; baseline -0.003 -6"><span class='ocrx_word' id='word_1_303' title='bbox 1573 4802 1596 4827; x_wconf 80' lang='lat'>⁸</span> <span class='ocrx_word' id='word_1_304' title='bbox 1619 4794 1864 4848; x_wconf 66' lang='lat' dir='ltr'>manuue]</span> <span class='ocrx_word' id='word_1_305' title='bbox 1890 4794 2044 4849; x_wconf 80' lang='lat' dir='ltr'>multi,</span> <span class='ocrx_word' id='word_1_306' title='bbox 2058 4794 2216 4841; x_wconf 67' lang='lat' dir='ltr'>intere.</span> 
     </span>
    </p>
   </div>
  </div>
 </body>
</html>
