3600 5800
1232 895 1326 945 s‘r.
1370 893 1557 944 Jorm
1601 892 1689 942 or
1733 891 2117 943 ansnnsr.
2592 872 2722 938 523

621 1082 1142 1170 congregatione.
1235 1079 1402 1148 Haec
1431 1101 1586 1168 ergo
1617 1080 1921 1167 episcopo
1952 1077 2472 1165 lacrymabiliter
2500 1097 2726 1144 narra-

622 1185 729 1249 vit
760 1184 1090 1271 quandam
1120 1182 1688 1251 sanctimonialem
1718 1205 1806 1248 ex
1836 1204 1956 1248 suo
1983 1204 2179 1270 grege
2211 1203 2452 1270 magno
2494 1181 2728 1247 vexari

625 1286 862 1363 dolore,
908 1286 1224 1372 quoniam
1285 1285 1674 1373 sanguinem
1740 1285 2142 1351 diminueret
2158 1283 2184 1322 ¹
2245 1285 2318 1350 in
2384 1288 2727 1370 quartanae

623 1387 802 1453 lunae
831 1391 1047 1453 aetate.
1138 1387 1327 1454 Tunc
1355 1388 1698 1473 episcopus
1727 1387 2038 1471 lacrymis
2069 1391 2333 1454 coactus
2377 1386 2727 1453 abbatissae

624 1489 1039 1558 sanissimam
1084 1488 1271 1556 illam
1316 1510 1438 1555 sua
1481 1487 1640 1556 fecit
1684 1485 2031 1555 oratione.5⁵

1609 1688 1725 1755 VI.

715 1819 1018 1901 Quodam
1086 1818 1288 1885 etiam
1357 1822 1652 1904 tempore
1719 1816 2137 1883 venerandus
2212 1814 2321 1882 vir
2385 1815 2730 1901 cujusdam
2754 1825 2810 1878 A
2831 1826 2943 1878 sick

624 1919 861 1986 militis
906 1919 1244 1987 eeclesiam
1314 1917 1666 1997 dedicavit,
1713 1917 1905 2004 cujus
1967 1939 2140 1984 uxor
2181 1921 2391 1984 tantae
2458 1918 2730 2005 aegritu-
2754 1895 2876 1961 ¹⁸³5
2891 1892 3066 1946 enred.

625 2022 801 2088 dinis
831 2022 1052 2088 dolore
1097 2024 1345 2088 v'exata
1388 2019 1522 2087 fuit
1552 2025 1631 2086 ut
1675 2018 1863 2086 nullo
1909 2020 2105 2086 modo
2134 2020 2351 2087 tribus
2395 2019 2732 2087 mensibus

625 2144 669 2190 a
713 2124 906 2190 domo
951 2123 1026 2188 in
1093 2143 1225 2209 qua
1274 2122 1493 2208 jacuit
1510 2118 1537 2161 ⁸
1581 2121 1833 2210 portari
1878 2122 2213 2190 valuerit*
2300 2122 2487 2190 Tunc
2546 2144 2732 2191 sanc-

625 2233 738 2294 tus
757 2225 782 2266 ⁶
810 2225 941 2292 Dei
985 2226 1281 2293 sacerdos
1312 2246 1555 2312 aquam
1586 2225 1673 2291 ad
1719 2224 2057 2292 ecclesiam
2088 2226 2271 2312 prius
2317 2226 2732 2293 benedictam

626 2328 730 2394 illi
790 2328 1177 2408 transmisit,
1225 2348 1515 2414 moxque
1580 2333 1660 2394 ut
1717 2328 2038 2414 gustavit,
2084 2349 2247 2394 sana
2308 2328 2617 2407 surrexit,
2664 2333 2735 2395 et

627 2435 716 2501 ad
766 2435 1037 2501 beatum
1105 2433 1484 2521 episcopum
1548 2435 1806 2500 concito
1868 2456 2097 2521 gressu
2160 2432 2395 2511 venit,⁶
2456 2440 2526 2500 et
2590 2439 2732 2500 tam

627 2537 759 2625 ipsi
804 2557 1005 2623 quam
1052 2537 1249 2602 simul
1297 2537 1868 2605 discumbentibus
1914 2536 2261 2602 humiliter
2304 2535 2733 2603 ministravit.

1588 2736 1768 2803 V11.⁷

711 2854 1009 2933 Mterius
1040 2865 1241 2934 etiam
1286 2863 1520 2932 militis
1549 2864 1890 2934 ecclesiam
1920 2865 2271 2945 dedicavit,
2304 2865 2494 2953 cujus
2537 2865 2734 2933 homo
2762 2875 2998 2929 Another

629 2969 826 3036 valde
872 2969 1155 3036 dilectus
1215 2969 1358 3055 jam
1426 2989 1616 3054 paene
1680 2974 1984 3035 mortuus
2049 2970 2122 3034 in
2177 2969 2347 3035 lecto
2370 2968 2396 3007 ⁸
2449 2970 2735 3057 jacebat,
2760 2960 2898 2996 ⁰⁰¹⁶·

628 3072 745 3137 sed
789 3094 946 3138 mox
989 3077 1070 3137 ut
1113 3071 1304 3136 illum
1364 3070 1542 3135 idem
1588 3071 1892 3155 pontifex
1937 3069 2263 3149 visitavit,
2310 3071 2733 3137 sanissimum

630 3179 861 3241 sancta
903 3195 1026 3240 sua
1070 3173 1366 3241 oratione
1411 3171 1721 3236 reddidit.

1588 3370 1782 3436 VIII.

720 3498 901 3563 Illud
946 3518 1206 3584 quoque
1254 3496 1588 3563 memoriae
1610 3496 1638 3535 ⁹
1681 3498 2277 3566 commendandum
2338 3501 2515 3587 quod
2560 3501 2737 3568 idem
2763 3512 2876 3565 The
2892 3510 3059 3564 vision

630 3607 897 3669 sanctus
943 3601 1065 3678 vir,
1114 3600 1274 3666 dum
1321 3600 1607 3686 quodam
1653 3605 1949 3687 tempore
1994 3602 2067 3667 in
2113 3602 2506 3671 Eboracensi
2569 3611 2741 3672 esset,
2762 3578 3041 3697 ῖοῖἓύεω-

630 3706 924 3784 civitate,
955 3709 1024 3769 et
1068 3703 1141 3768 in
1183 3702 1447 3789 porticu
1495 3701 1723 3769 Sancti
1759 3702 2100 3770 Michaelis
2147 3706 2431 3773 orationi
2475 3714 2742 3778 vacaret
2765 3711 2977 3832 {hg-‘ff’

1335 3851 1438 3856 --.
1487 3851 1772 3858 —-—-————

699 3928 717 3962 ¹
751 3925 1066 3991 dintinueret]
1097 3923 1369 3984 minuerat,
1391 3923 1455 3974 Τ.
1800 3923 1823 3961 7
1855 3924 1968 3976 The
1991 3926 2262 3979 Cottonian
2286 3929 2401 3981 MS.
2426 3945 2548 3980 runs
2588 3946 2739 3998 capp.

696 4007 720 4040 ²
740 4004 988 4070 οναείοιισ]
1005 4004 1213 4070 ipsaque
1227 4001 1497 4054 sanissima
1509 4001 1640 4053 mul·
1732 4002 1833 4055 V1.
1858 4005 1962 4055 and
1982 4006 2112 4058 VII.
2138 4008 2387 4074 together,
2410 4009 2600 4075 calling
2627 4025 2738 4076 cap.

632 4087 700 4139 tis
748 4084 1104 4151 supervixerat
1139 4083 1290 4134 annis
1329 4082 1384 4132 in
1421 4081 1640 4133 assiduis
1730 4082 1892 4134 VIII.
1924 4084 2104 4135 Lectio
2126 4084 2264 4146 VI.;
2302 4086 2460 4138 VIII.
2501 4090 2602 4140 and
2637 4089 2738 4142 IX.

633 4166 734 4218 Dei
756 4164 1034 4230 persistens
1057 4161 1311 4222 laudibus,
1333 4161 1426 4212 ins.
1451 4160 1514 4210 Τ.
1732 4162 1987 4227 together,
2043 4162 2231 4230 calling
2287 4181 2398 4231 cap.
2445 4168 2513 4217 X.
2560 4168 2739 4222 Lectio

700 4245 723 4279 ⁸
742 4241 942 4309 jacuit]
968 4241 1191 4305 jacebat,
1209 4240 1273 4291 Τ.
1733 4242 1893 4304 VII.;
1931 4242 1999 4292 X.
2025 4244 2127 4294 and
2149 4242 2250 4293 XI.
2274 4246 2527 4310 together,
2550 4247 2741 4315 calling

701 4322 723 4356 ⁴
756 4321 997 4387 valuerit]
1018 4321 1238 4380 valeret,
1263 4319 1325 4370 Τ.
1734 4335 1844 4384 cap.
1888 4319 2017 4372 XII.
2058 4320 2238 4372 Lectio
2278 4323 2453 4385 VIII„
2484 4324 2654 4376 which
2694 4327 2739 4378 is

699 4402 721 4435 ⁸
756 4400 869 4453 ΜΒ.
898 4400 1087 4453 Cotton
1109 4397 1153 4448 is
1175 4397 1299 4449 here
1322 4395 1530 4464 slightly
1545 4396 1636 4447 im·
1733 4399 1884 4449 made
1907 4404 1960 4448 to
1981 4400 2217 4450 embrace
2240 4401 2309 4451 all
2332 4402 2417 4452 the
2453 4403 2741 4472 remaining

633 4479 846 4546 perfect.
1734 4478 1989 4542 chapters.

699 4559 723 4593 ⁸
758 4558 916 4624 venit]
959 4564 1010 4609 et
1042 4571 1197 4623 quam
1231 4593 1245 4607 .
1279 4593 1292 4607 .
1316 4593 1330 4608 .
1365 4557 1639 4606 manduca-
1683 4561 1689 4656 Ἰ
1799 4556 1824 4587 ⁸
1859 4555 2009 4623 lecto]
2039 4558 2247 4619 lectulo,
2269 4557 2332 4611 Τ.

629 4637 721 4700 vit,
743 4645 850 4690 tam
873 4636 970 4703 ipsi
1003 4651 1158 4701 quam
1179 4634 1334 4686 simul
1358 4672 1371 4685 .
1399 4671 1413 4685 .
1433 4672 1446 4685 .
1470 4633 1641 4686 minis·
1797 4635 1820 4668 ⁹
1852 4634 1998 4685 Illud
2030 4652 2224 4701 quoque
2258 4640 2522 4707 memorien]
2567 4640 2737 4709 Igitur

630 4717 804 4781 travit,
826 4725 879 4768 et
915 4754 926 4767 .
954 4753 966 4766 .
995 4752 1008 4766 .
1032 4715 1269 4766 sanitatis
1307 4714 1642 4780 recuperavit,
1733 4730 1837 4766 non
1859 4722 1940 4766 est
1962 4716 2164 4767 silentio
2201 4721 2624 4786 praetereundum,
2649 4725 2741 4775 sed

631 4814 693 4850 ac
716 4798 885 4849 Deum
905 4793 1185 4855 benedixit,
1209 4793 1273 4844 Τ.
1685 4833 1689 4856 ,
1732 4794 1898 4861 magis
1919 4793 2196 4859 memoriae,
2220 4803 2336 4860 etc„
2357 4798 2419 4850 T.
