3600 5800
840 910 972 974 180
1447 924 1614 974 vmi
1657 920 1985 974 mnu-»1
2030 922 2336 974 nmsoom

838 1112 1258 1179 consecravit.
1369 1110 1472 1177 Ut
1533 1116 1756 1178 autem
1800 1115 2080 1177 ventum
2142 1115 2245 1177 est
2305 1110 2391 1178 ad
2454 1109 2559 1174 sui
2622 1107 2939 1175 sermonis

840 1212 1140 1291 officium,
1164 1212 1310 1279 luce
1339 1212 1578 1279 clarius
1598 1212 1746 1278 visa
1774 1217 1933 1277 sunt
1955 1212 2305 1279 Dominica
2334 1213 2408 1276 in
2437 1232 2515 1276 eo
2532 1212 2736 1277 verba
2765 1232 2938 1277 com-

502 1319 650 1368 Matt.
665 1335 717 1368 x.
733 1323 815 1369 20.
840 1309 1021 1396 pleri,
1067 1308 1146 1375 N
1138 1331 1231 1376 <m
1275 1331 1387 1376 vos
1436 1309 1589 1376 estis
1618 1309 1744 1397 qwi
1786 1309 2176 1397 Ζοςυκὺιηῶπῶ,
2207 1310 2317 1377 sed
2362 1308 2672 1396 Spiritus
2701 1307 2942 1375 Patris

839 1411 978 1480 ‘mci
1006 1411 1133 1499 qwi
1159 1411 1467 1499 loqm'twr·
1495 1411 1582 1478 ‘bn
1610 1411 1803 1478 vobis.
1900 1411 2094 1493 Quod
2132 1433 2212 1478 ea
2262 1433 2332 1477 re
2378 1411 2574 1498 plane
2604 1410 2761 1477 licet
2789 1431 2940 1477 con-

839 1515 1139 1590 siderare,
1170 1534 1321 1581 cum
1366 1518 1435 1578 et
1478 1513 1761 1599 populus
1806 1513 1880 1577 in
1909 1512 2126 1578 Deum
2171 1533 2414 1600 magna
2456 1512 2546 1578 sit
2593 1512 2942 1580 dilectione

840 1638 927 1681 ex
954 1615 1071 1681 1110
1099 1614 1387 1693 affectus,
1413 1619 1483 1680 et
1511 1615 1707 1681 corda
1736 1614 2110 1701 principum
2139 1619 2330 1681 tanto
2360 1615 2594 1681 timore
2625 1619 2695 1680 et
2722 1634 2942 1680 amore

840 1716 969 1782 Dei
1012 1716 1150 1780 sint
1210 1736 1496 1793 accensa,
1540 1719 1622 1780 ut
1663 1736 1800 1781 non
1845 1716 2059 1780 solum
2103 1736 2183 1781 ea
2226 1737 2376 1802 quse
2419 1715 2603 1801 prius
2665 1716 2752 1781 ad
2787 1714 2946 1801 jura

504 1831 672 1896 Largo
693 1829 817 1895 gista
841 1818 1050 1905 ipsius
1095 1817 1381 1885 ecclesiae
1427 1816 1865 1904 pertinebant,
1912 1817 2000 1883 ad
2043 1837 2270 1884 vocem
2302 1817 2483 1882 illius
2527 1815 2945 1883 testamentis

506 1898 762 2013 :getanae
843 1920 1318 1997 confirmarent,
1360 1920 1475 1984 sed
1519 1921 1589 1984 et
1631 1918 1935 2003 quaedam
1980 1918 2064 1983 de
2107 1917 2244 1983 81118
2288 1918 2418 2004 ipsi
2463 1918 2749 1985 ecclesiae
2793 1938 2944 1983 con·

506 2029 635 2078 erhu
633 2028 713 2078 eh.
843 2022 1179 2088 donarent.
1272 2020 1519 2087 Triduo
1547 2025 1699 2106 post
1741 2020 1902 2098 11888,
1935 2018 2117 2085 0111111
2160 2040 2381 2085 888818
2416 2019 2615 2086 turba
2659 2020 2944 2095 detenta,

844 2144 1013 2209 pane
1058 2123 1220 2188 vitae
1288 2127 1430 2189 tam
1492 2121 1770 2188 caelestis
1833 2142 2035 2207 quam
2098 2122 2429 2186 terrestris
2492 2143 2637 2187 eam
2690 2120 2946 2207 copiose
3031 2153 3038 2162 ·

843 2225 1084 2292 refecit.
1178 2223 1534 2291 Ecclesiam
1594 2228 1914 2310 praeterea
1970 2223 2229 2309 magnis
2287 2222 2671 2288 muneribus
2715 2227 2786 2287 et
2845 2243 2946 2287 or·

843 2326 1188 2404 namentis‚
1222 2325 1437 2392 decori
1483 2325 1716 2390 domus
1759 2324 1889 2390 Dei
1933 2324 2472 2411 competentibus,
2505 2323 2766 2390 ditavit.
2859 2322 2949 2387 Et

844 2451 995 2495 cum
1038 2429 1183 2495 11888
1226 2449 1424 2513 opera
1467 2426 1662 2494 laude
1692 2425 2080 2513 dignissima
2107 2425 2365 2504 faceret,
2396 2425 2501 2491 uti
2545 2424 2949 2491 mortiferam

846 2535 1099 2616 pestem
1159 2529 1422 2596 laudem
1483 2527 1782 2614 fugiebat
1824 2526 2223 2607 humanam3
2282 2548 2360 2593 ac
2418 2527 2512 2593 sic
2569 2527 2824 2613 positus
2876 2525 2951 2589 in

849 2631 1066 2697 medio
1108 2629 1500 2717 populorum
1545 2627 1851 2694 omnibus
1882 2633 2024 2695 erat
2068 2627 2422 2715 speculum,
2469 2633 2539 2694 et
2573 2625 2951 2694 informatio

847 2753 1116 2819 operum
1160 2732 1498 2797 bonorum.

1518 2899 1964 2986 [CAPITULUM
2023 2899 2238 2986 XIX]

939 3059 1069 3125 His
1112 3058 1212 3125 ita
1254 3079 1393 3123 8888
1436 3057 1855 3135 habentibus,
1905 3054 2341 3144 Omnipotens
2404 3056 2603 3135 DeuS,
2672 3061 2754 3123 ut
2815 3078 2952 3123 me-

852 3161 985 3226 rita
1026 3158 1260 3226 famuli
1307 3158 1429 3225 Sui
1475 3160 1714 3245 quanti
1775 3155 2098 3245 penderet
2139 3156 2391 3224 mundo
2451 3156 2950 3236 demonstraret,

854 3284 1002 3348 quae
1047 3262 1457 3328 internarum
1532 3259 1677 3326 luce
1722 3259 2053 3324 virtutum
2121 3260 2334 3346 primo
2395 3258 2703 3345 perfudit,
2751 3259 2956 3324 etiam

855 3363 1257 3429 exteriorum
1333 3360 1743 3428 exhibitione
1817 3359 2283 3426 miraculorum
2359 3359 2659 3426 decorare
2721 3358 2954 3425 voluit.

517 3469 572 3518 A
594 3467 799 3518 mii-acie
855 3465 1034 3533 Hinc
1077 3471 1193 3544 est,
1240 3466 1422 3551 quod
1467 3464 1574 3530 die
1607 3463 1894 3550 quadam
1924 3484 2074 3528 cum
2105 3461 2280 3527 idem
2310 3462 2705 3528 venerabilis
2734 3468 2959 3549 pastor

517 3600 588 3664 by
520 3535 828 3662 ”Wi‘ffi-,d
856 3589 1010 3633 oves
1055 3567 1180 3633 Dei
1230 3566 1448 3632 verbis
1517 3570 1586 3631 et
1647 3564 1804 3629 fidei
1873 3564 2296 3630 sacramentis
2341 3564 2682 3643 imbueret,
2730 3568 2800 3630 et
2842 3585 2958 3629 an·

856 3670 1045 3754 tiquo
1074 3667 1350 3732 humani
1378 3665 1637 3782 8888118
1667 3664 1895 3729 hosti
1875 3686 1950 3728 111
1980 3665 2074 3729 818
2097 3664 2212 3749 jus
2242 3665 2625 3731 dominandi
2656 3665 2960 3742 auferret,

858 3774 1059 3854 atque
1104 3789 1221 3854 per
1265 3767 1431 3835 sacri
1460 3765 1834 3833 chrismatis
1877 3764 2257 3830 unctionem
2301 3765 2701 3851 septiformis
2729 3767 2961 3853 gratiae

860 3872 1168 3960 spiritum
1190 3871 1348 3986 ’jam
1408 3868 1763 3955 baptizatis
1815 3867 2142 3947 traderet,
2126 3891 2140 3906 ·
2186 3893 2322 3932 8088
2355 3892 2462 3949 per
2497 3876 2703 3932 81111888
2739 3881 2964 3932 turmas

859 3981 1090 4047 mulier,
1137 3970 1345 4055 nimio
1390 3969 1612 4035 dolore
1656 3966 1917 4046 afflicta,
1964 3967 2270 4033 ministro
2314 3965 2443 4032 Dei
2506 3967 2804 4045 occurrit,
2853 3975 2955 4030 de·
2985 3978 3300 4045 Ὲι-ῑᾱεςοαο,

523 4102 592 4137 on
614 4101 645 4137 a
663 4087 794 4137 dead
861 4083 1076 4138 functae
1111 4082 1319 4137 funera
1354 4079 1535 4152 prolis
1563 4069 1922 4136 miserabili
1952 4068 2407 4158 deportatione
2442 4077 2508 4133 in
2542 4078 2700 4135 111818
2746 4074 2962 4136 osten·
2984 4051 3239 4099 ‘mmm'

525 4152 680 4203 ehad·
862 4181 1027 4241 tans.
1123 4173 1269 4254 Quo
1330 4171 1491 4250 visi),
1536 4185 1706 4253 pater
1740 4179 2062 4250 obstupuit,
2101 4178 2389 4250 haesitque
2424 4178 2572 4246 loco,
2637 4169 2966 4257 paullum-

863 4297 990 4362 que
1035 4274 1119 4342 ob
1162 4272 1437 4359 incoepti
1481 4269 1693 4357 operis
1767 4268 2132 4335 ministerio
2206 4290 2276 4334 88
2343 4268 2692 4349 cohibenti
2740 4270 2971 4337 orbata

862 4378 1115 4456 mulier,
1160 4376 1295 4443 aeri
1363 4374 1604 4440 doloris
1668 4372 2014 4437 nimietate
2058 4371 2343 4449 turbata,
2389 4382 2627 4452 pronior
2663 4381 2968 4445 incubuit,

864 4479 1257 4612 gemituque
1289 4474 1655 4563 praepedita
1698 4473 1821 4537 vix
1882 4473 1956 4536 in
2022 4472 2166 4539 11888
2207 4471 2415 4539 verba
2455 4473 2712 4560 erupit.
2758 4469 2969 4548 “”En‚

529 4592 646 4709 “Trige
664 4592 754 4708 ²21·
866 4579 1189 4665 inquiens,
1240 4577 1459 4642 “bone
1504 4573 1783 4652 domine,
1832 4593 2028 4659 quem
2073 4574 2160 4639 ad
2204 4572 2689 4660 impositionem
2732 4590 2968 4635 manus

648 4674 673 4708 8

531 4726 620 4776 the
641 4686 885 4775 mother‘
888 4683 1083 4744 ‘tuae
1130 4675 1699 4745 confirmandum
1680 4695 1754 4739 m
1785 4674 2053 4742 Christo
2082 4681 2342 4761 portare
2373 4676 2801 4749 decreveram,
2825 4669 2970 4785 jam

531 4797 586 4841 to
606 4790 731 4842 him.
890 4788 1084 4846 ‘non
1114 4777 1325 4844 solum
1355 4778 1444 4845 ad
1473 4776 2009 4852 confirmandum,
2056 4796 2287 4842 verum
2317 4774 2531 4861 primo
2578 4773 2666 4839 ad
2695 4770 2975 4838 resusci-
