3600 5800
1369 871 1688 923 morona
1733 870 2078 923 musso.
2664 863 2791 928 169

691 1067 847 1139 erat,
902 1081 1024 1125 sua
1083 1059 1335 1126 scilicet
1393 1059 1759 1145 Anglorum
1824 1060 2009 1125 natio
2072 1061 2439 1126 interdixit.
2535 1061 2792 1148 Corpus

690 1171 912 1229 tamen
955 1162 1149 1229 occisi
1212 1161 1436 1227 debito
1480 1160 1727 1229 honore
1779 1160 2160 1241 tumulavit,
2207 1162 2430 1250 sicque
2475 1162 2790 1252 Angliam

691 1286 995 1355 prospero
1038 1286 1235 1334 cursu
1278 1262 1640 1351 repedavit.

1265 1509 1278 1580 Ι
1373 1509 1818 1598 [CAPITULUM
1864 1509 2085 1599 V111.]

742 1749 749 1756 ⁸
780 1670 1059 1738 Praefuit
1102 1691 1178 1736 eo
1223 1674 1518 1754 tempore
1569 1670 1756 1755 genti
1812 1668 2497 1738 Nordanhimbrorum
2566 1672 2792 1738 Chris·
2818 1682 3031 1761 wilfi-iu
3051 1699 3129 1734 re-

694 1773 1098 1840 tianissimus
1142 1794 1262 1837 rex
1308 1771 1588 1848 OswiuS,
1652 1791 1981 1836 successor
2047 1771 2417 1837 beatissimi
2488 1774 2662 1860 regis
2726 1780 2798 1839 et
2818 1755 3098 1865 fflhffi

694 1876 1003 1961 martyris
1069 1872 1401 1952 Oswaldi3
1471 1871 1586 1957 qui
1634 1871 1898 1939 Oswius
1945 1871 2159 1936 filium
2225 1895 2421 1938 suum
2457 1874 2793 1939 Alfi-idum
2818 1881 3132 1942 bria‚andis

694 1979 876 2064 regni
907 1977 1153 2042 socium
1185 1975 1312 2040 sibi
1343 1972 1706 2040 constituit.
1798 1972 2010 2038 Fuere
2041 1978 2266 2039 autem
2310 1976 2578 2061 utrique
2611 1998 2795 2062 reges
2820 1948 3092 2063 {vteffiqmed

693 2078 766 2143 in
811 2078 1190 2145 Christiana
1218 2076 1534 2162 religione
1578 2074 1925 2152 ferventes,
1958 2076 2377 2142 ecclesiarum
2424 2077 2793 2163 diligentis·
2821 2087 2983 2130 e0¹11·¹=·

694 2180 841 2244 simi
887 2180 1184 2255 cultores
1215 2183 1285 2243 et
1314 2176 1782 2243 catholicarum
1829 2177 2276 2242 doctrinarum
2332 2179 2796 2244 studiosissimi

693 2282 1039 2358 auditores,
1085 2285 1425 2356 amatores,
1489 2282 1858 2343 sectatores.
1951 2278 2122 2344 Cum
2181 2301 2333 2365 ergo
2399 2281 2632 2346 beatus
2692 2282 2800 2345 vir

693 2382 819 2448 Dei
866 2381 1211 2447 Wilfridus
1257 2381 1330 2445 in
1378 2380 1664 2467 patriam
1726 2384 1898 2444 esset
1945 2402 2261 2458 reversus,
2315 2380 2491 2448 fama
2557 2383 2797 2448 sancti-

696 2485 854 2549 tatis
898 2489 966 2549 et
1011 2482 1382 2570 prudentiae
1436 2482 1595 2567 ejus,
1627 2481 1806 2546 fama
1851 2481 2243 2567 eloquentiae
2288 2489 2359 2548 et
2401 2483 2798 2569 Apostolicae

696 2586 1009 2652 doctrinae
1054 2586 1212 2671 ejus,
1276 2584 1783 2669 circumquaque
1844 2583 2014 2649 mira
2073 2585 2408 2651 celeritate
2461 2586 2801 2668 innotuit;

694 2708 947 2753 necnon
990 2687 1078 2751 ad
1129 2707 1320 2752 aures
1380 2686 1848 2771 praedictorum
1907 2685 2283 2772 principum
2343 2687 2602 2773 ingenti
2648 2709 2798 2753 cum

696 2789 889 2854 laude
951 2788 1281 2874 processit.
1407 2786 1741 2852 Sanctitas
1811 2808 2071 2872 quoque
2135 2793 2203 2853 et
2269 2788 2547 2875 insignis
2614 2811 2799 2855 amor

702 2891 1246 2970 Christianitatis,
1314 2891 1431 2977 qui
1476 2913 1706 2978 regum
1769 2891 1966 2957 corda
2039 2891 2422 2978 repleverat,
2486 2893 2796 2959 notitiam

698 2997 925 3065 Sancti
969 3017 1388 3083 nequaquam
1433 2995 1660 3083 fugere
1704 3001 1982 3082 poterat.

785 3103 890 3168 Ex
933 3103 1058 3169 hoc
1097 3101 1297 3169 euriae
1342 3101 1514 3187 regis
1543 3101 1788 3165 Alfi-idi
1833 3106 2286 3186 praesentatus
2324 3101 2613 3169 humane
2657 3126 2798 3169 sus-

697 3205 975 3291 cipitur3
1025 3204 1231 3281 brevi,
1280 3202 1459 3287 quod
1502 3206 1702 3267 antea
1745 3200 1885 3265 solo
1928 3201 2165 3266 auditu
2212 3202 2286 3265 in
2332 3224 2407 3267 eo
2452 3204 2796 3282 sciebatur,

696 3327 765 3370 re
808 3305 955 3391 ipsa
982 3302 1414 3393 cognoscitur,
1445 3306 1517 3366 et
1545 3322 1622 3365 eo
1651 3299 1860 3385 regali
1905 3300 2218 3365 amicitiae
2249 3300 2665 3367 familiariter
2694 3326 2796 3369 as-

695 3408 997 3474 sociatur.
1088 3404 1393 3470 Pr0bitas
1438 3402 1642 3468 etiam
1689 3401 2134 3486 integerrimae
2176 3402 2356 3479 vitae,
2389 3423 2588 3488 quam
2625 3404 2801 3471 fama

696 3511 909 3596 primo
972 3508 1381 3594 vulgaverat,
1445 3510 1516 3569 et
1568 3503 1858 3590 prudens
1921 3503 2324 3589 simplicitas,
2389 3505 2800 3593 simplexque

697 3608 1065 3696 prudentia,
1113 3628 1313 3693 quam
1343 3606 1418 3670 in
1462 3605 1576 3669 illo
1621 3605 1709 3670 ad
1754 3624 1980 3669 omnes
2010 3625 2160 3670 cum
2190 3604 2568 3673 humilitate
2613 3610 2797 3696 vige-

698 3711 879 3786 bant,
940 3730 1077 3773 non
1141 3707 1336 3772 modo
1401 3706 1559 3792 regi,
1600 3727 1834 3771 verum
1881 3712 1949 3771 et
2010 3707 2314 3773 omnibus
2378 3730 2529 3774 eum
2574 3733 2798 3777 carum

700 3810 1119 3876 exhibebant.
1211 3807 1449 3872 Tribus
1478 3828 1563 3872 ex
1593 3806 1719 3873 hoc
1760 3807 1955 3871 annis
1999 3809 2284 3895 regalem
2330 3812 2579 3878 curiam
2608 3813 2795 3892 fovit,
2823 3831 3030 3884 wilffid

700 3918 771 3978 et
812 3912 1065 3977 virtute
1124 3909 1331 3975 animi
1390 3910 1690 3996 gratiam,
1736 3908 2032 3995 gloriam,
2077 3910 2389 3978 honorem
2451 3914 2579 3981 sibi
2624 3936 2799 3981 com·
2824 3907 2970 4014 Βωῃζῗ
2988 3906 3043 4014 {g

699 4014 976 4102 paravit.
1085 4012 1283 4079 Unde
1329 4017 1398 4077 et
1441 4013 1620 4099 regio
1665 4033 1936 4078 munere
1979 4019 2213 4080 auctus
2259 4021 2398 4082 tam
2444 4018 2797 4084 mobilibus
2823 3980 2969 4081 ‘glires
3043 3980 3071 4014 r

701 4137 901 4201 quam
946 4120 1016 4181 et
1066 4113 1512 4179 immobilibus
1564 4135 1784 4179 rerum
1821 4114 2026 4192 bonis,
2076 4116 2279 4181 etiam
2323 4118 2500 4185 inter
2542 4121 2796 4186 anima-
2822 4112 2989 4161 μω·

700 4217 796 4282 les
848 4217 1147 4283 homines
1209 4215 1423 4282 clarus
1482 4221 1639 4280 erat.
1734 4213 1949 4301 Super
1992 4216 2133 4284 haec
2194 4240 2452 4304 quoque
2523 4222 2795 4308 Ripensi
2823 4242 2938 4292 The
2960 4242 3088 4307 king

700 4319 985 4396 ecclesia,
1030 4339 1181 4384 cum
1225 4317 1308 4382 iis
1339 4338 1487 4402 quae
1532 4318 1638 4382 sui
1674 4317 1849 4401 juris
1894 4318 2306 4396 exstiterant,
2339 4321 2542 4406 regali
2578 4325 2796 4388 muni-
2824 4309 2969 4373 gives
2990 4309 3096 4358 him

699 4421 965 4487 ficentia
1023 4420 1304 4484 donatus
1350 4423 1464 4483 est.
1579 4417 1684 4482 Ex
1728 4439 1806 4483 eo
1851 4424 2075 4484 autem
2136 4441 2393 4486 summa
2436 4442 2594 4487 cura
2652 4447 2799 4509 pro·
2825 4375 3123 4505 &elzessffifh

698 4524 987 4598 curabat,
1019 4526 1345 4608 quatenus
1390 4542 1545 4606 opes
1590 4542 1727 4585 suae
1774 4521 1985 4605 magis
2031 4522 2392 4586 transirent
2435 4522 2508 4586 in
2544 4524 2799 4593 victum

697 4623 1157 4711 indigentium,
1207 4642 1406 4707 quam
1466 4626 1761 4687 servaret
1804 4640 1915 4686 eas
1960 4641 2139 4686 more
2185 4641 2385 4687 avare
2429 4644 2584 4710 opes
2645 4648 2799 4693 suas

698 4729 1206 4798 recondentium.
