3600 5800
1325 881 1644 932 moroan
1687 880 2049 931 mommo.
2604 863 2734 929 469

626 1074 888 1159 patrem
935 1073 1147 1136 eoetus
1192 1068 1479 1135 eximius
1524 1068 1734 1155 ipsius
1794 1067 2338 1156 congregationis,
2384 1087 2548 1154 quos
2596 1066 2736 1152 ipse
2758 1068 2869 1120 The
2887 1075 3025 1134 part-

627 1171 870 1237 blande
928 1174 999 1237 et
1062 1169 1419 1236 affibiliter
1484 1168 1857 1238 consolatus
1921 1175 2042 1252 est,
2088 1169 2329 1248 dicens,
2390 1189 2500 1234 eos
2567 1167 2736 1233 bene
2758 1135 2870 1202 ing.

628 1272 851 1340 valere
892 1277 965 1339 et
1008 1293 1148 1338 esse
1193 1277 1516 1358 exoptans
1560 1271 1798 1339 felices.
1889 1272 2076 1340 Tunc
2120 1294 2347 1339 rursus
2381 1294 2493 1339 eos
2536 1271 2736 1337 bene-

630 1374 856 1442 dicens
900 1372 1406 1442 commendabat
1471 1394 1541 1439 se
1585 1372 1722 1437 illis
1766 1374 1842 1438 in
1907 1372 2219 1455 Domino,
2262 1394 2575 1461 prospera
2642 1371 2738 1438 eis

630 1482 929 1565 tempora
990 1481 1324 1563 expetens,
1389 1496 1555 1562 quos
1624 1496 1883 1562 semper
1944 1476 2214 1554 amavit,
2282 1475 2469 1541 fovit.
2565 1474 2739 1541 Con·

632 1580 793 1669 tigit
835 1580 1065 1648 eadem
1107 1585 1301 1648 nocte
1344 1585 1428 1647 ut
1470 1578 1742 1666 quidam
1787 1601 1825 1646 e
1870 1579 2009 1645 suis
2069 1579 2468 1645 satellitibus
2512 1578 2741 1667 procul

626 1683 931 1772 jacerent
991 1684 1081 1751 ab
1142 1704 1237 1762 eo,
1301 1681 1489 1748 verbi
1564 1680 1783 1769 gratia
1846 1680 2129 1746 duorum
2203 1681 2569 1748 stadiorum
2632 1682 2743 1748 vel

631 1787 932 1875 amplius.
1025 1786 1249 1853 Media
1291 1790 1516 1852 autem
1544 1788 1736 1851 nocte
1782 1789 2052 1871 repente
2083 1784 2339 1851 sonitus
2382 1784 2599 1852 factus
2644 1790 2745 1851 est
2769 1798 2987 1865 strange

635 1911 932 1978 magnus,
979 1890 1168 1976 quasi
1228 1894 1373 1956 tota
1417 1887 1688 1955 ecclesia
1749 1888 2111 1954 corruisset.
2206 1887 2339 1968 Qui
2403 1893 2746 1977 surgentes
2767 1866 3004 1982 {offert

635 1994 910 2080 regressi
973 1997 1134 2058 sunt
1199 1992 1286 2058 ad
1352 1991 1844 2070 monasterium,
1904 1996 2220 2078 putantes
2280 1992 2459 2078 quod
2520 2014 2746 2059 omnes
2769 1999 2993 2063 Bamey

635 2102 857 2163 essent
921 2096 1228 2183 oppressi.
1337 2095 1699 2161 Venientes
1765 2099 1992 2160 autem
2054 2095 2457 2161 invenenmt
2521 2117 2746 2163 omnes
2770 2064 3090 2182 fflffiffiff,

634 2196 1012 2276 incolumes‚
1075 2195 1425 2262 laudantes
1499 2193 1881 2260 Dominum.
2006 2194 2271 2260 Fratres
2331 2195 2540 2281 ipsius
2603 2196 2747 2276 loci,
2771 2197 2917 2248 win’a
2940 2199 3027 2248 <10-

636 2305 790 2388 post
817 2299 1287 2387 profectionem
1317 2298 1504 2366 ducis
1549 2298 1859 2364 exierunt
1902 2298 1976 2362 in
2019 2296 2307 2377 hortum,
2338 2320 2536 2365 causa
2578 2300 2749 2367 laeti-
2772 2269 2994 2329 Pm-

636 2403 793 2484 tiae3
853 2403 970 2489 qui
1014 2403 1253 2470 auditu
1313 2401 1672 2467 audierunt
1720 2400 2017 2468 sonitum
2063 2401 2401 2469 immensae
2460 2403 2752 2489 trepida-

637 2504 878 2570 tionis:
941 2504 1058 2590 qui
1131 2503 1405 2583 turbati,
1467 2503 1716 2569 reversi
1783 2502 1963 2570 infra
2022 2504 2497 2571 monasterium
2562 2505 2751 2572 inve-

638 2609 886 2671 nerunt
937 2608 1178 2672 cuncta
1221 2625 1360 2670 esse
1427 2623 1752 2689 prospera.
1847 2603 2393 2671 Sermocinabant
2454 2605 2631 2672 inter
2682 2629 2753 2673 se

640 2709 818 2795 quod
877 2707 1019 2794 ipse
1085 2706 1342 2774 sonitus
1387 2727 1702 2794 magnum
1765 2706 2142 2795 prodigium
2207 2713 2392 2787 esset,
2439 2710 2618 2794 quod
2685 2716 2755 2777 et

638 2810 890 2879 factum
933 2813 1049 2877 est.

729 2914 814 2981 In
857 2913 1113 2981 visione
1141 2912 1414 3000 quidam
1443 2935 1530 2980 ex
1557 2912 1875 2980 fratribus
1904 2914 2114 3001 ipsius
2144 2914 2270 2983 loci
2298 2915 2475 2984 vidit
2503 2921 2753 2985 turrem
2777 2931 3017 2985 Another

639 3016 1063 3085 occidentalis
1092 3015 1378 3083 climatis
1423 3017 1758 3094 corruisse,
1790 3016 1909 3101 qui
1955 3038 2395 3104 expavescens
2440 3042 2753 3108 experge-
2777 3000 2987 3051 brother

640 3120 857 3186 factus
918 3124 1037 3186 est.
1128 3118 1384 3184 Rursus
1444 3118 1673 3204 itaque
1717 3139 1946 3184 somno
2007 3120 2352 3206 depressus
2411 3125 2758 3208 conspexit
2779 3065 3046 3182 253?le

643 3221 930 3287 alterum
1005 3239 1304 3285 corruere
1377 3223 1647 3284 turrem.
1742 3217 2041 3298 Quorum
2103 3220 2451 3287 interitum
2529 3244 2755 3289 eorum
2778 3198 3075 3314 {iffi-charoli

646 3324 927 3388 mortem
970 3319 1394 3405 interpretati
1436 3324 1608 3385 sunt.

734 3421 910 3487 Dux-
954 3425 1183 3487 autem
1247 3420 1509 3486 diutino
1577 3420 1888 3487 detentus
1934 3429 2079 3489 erat
2139 3423 2471 3511 languore,
2517 3426 2618 3493 ita
2676 3432 2759 3493 ut
2778 3442 2886 3494 The
2909 3440 3043 3493 sick-

646 3525 767 3591 vix
812 3523 1149 3593 comedere
1193 3524 1404 3611 possit
1447 3545 1586 3611 prae
1633 3524 1878 3591 dolore.
1958 3525 2329 3594 Meditatus
2375 3534 2479 3595 est
2505 3531 2580 3596 in
2609 3531 2758 3597 tha-
2781 3511 3054 3627 ἓξὲξ,-

649 3626 826 3694 lamo
855 3625 963 3692 sui
991 3625 1259 3691 venusti
1291 3624 1521 3705 cordis,
1554 3647 1752 3711 quam
1783 3626 1993 3694 fallax
2020 3627 2232 3715 gloria
2259 3630 2461 3717 hujus
2504 3635 2759 3715 mundi,
2784 3641 3053 3694 Ethelwin·

650 3735 722 3797 et
764 3750 965 3817 quam
1023 3728 1239 3815 turpis
1283 3732 1400 3794 est.
1493 3727 1653 3794 Ideo
1697 3728 1922 3808 fallax,
1969 3731 2129 3816 quia
2169 3732 2347 3799 fallit
2377 3740 2448 3800 et
2513 3735 2763 3823 decipit

648 3831 724 3897 in
786 3853 857 3897 se
921 3834 1260 3916 sperantes
1275 3853 1298 3925 ’ς
1360 3830 1594 3917 turpis,
1670 3830 1831 3915 quia
1896 3830 1979 3897 de
2046 3833 2243 3899 rebus
2317 3836 2489 3901 male
2556 3839 2761 3925 gestis

650 3932 1032 4020 acquiritur.
1146 3931 1250 3998 De
1295 3931 1539 4018 quibus
1607 3933 1881 4019 quidam
1943 3934 2044 4000 ait
2101 3936 2322 4022 gestis,
2404 3938 2459 4006 Ο
2512 3939 2759 4026 storia,

649 4034 896 4123 qloria,
965 4032 1280 4102 nullibus
1339 4033 1747 4103 mortaldwm
1807 4033 1994 4104 nihil
2055 4036 2263 4105 aliud
2299 4038 2493 4126 sacta
2550 4063 2764 4129 quam

655 4314 768 4382 Dr
811 4330 1025 4382 onrru
1067 4330 1222 4380 vm
1265 4314 1419 4393 Dm,
1468 4331 1555 4381 m·
1619 4331 1814 4392 ouon
1880 4332 2227 4385 surm-rus
2294 4336 2401 4386 srr
2451 4337 2531 4388 m
2576 4339 2764 4388 URBE

836 4417 1320 4496 Wmommnffl,
1390 4433 1477 4483 m·
1542 4434 1637 4483 ns
1705 4434 2075 4486 nPrrArmo
2144 4438 2239 4488 nn
2307 4439 2395 4490 no
2468 4440 2517 4490 A
2561 4442 2766 4493 rioms

837 4534 1168 4585 EDICTUM.

750 4647 1184 4715 Beatissimus
1250 4645 1360 4712 vir
1423 4647 1772 4715 Oswaldus
1840 4650 2201 4736 probabilis
2245 4654 2479 4722 extitit
2545 4656 2765 4745 dignis
2788 4653 2900 4706 'nie
2920 4669 3011 4721 ⁸1>-

657 4750 935 4833 actibus,
998 4756 1070 4823 et
1119 4752 1364 4844 justus,
1413 4755 1494 4823 ut
1555 4751 1820 4840 praefati
1883 4775 2128 4835 sumus,
2192 4757 2515 4848 operibus,
2625 4760 2765 4829 Iste
2788 4721 3064 4841 ambas

2787 4856 2901 4911 end·
