3600 5800
1337 905 1659 958 Aucrom:
1701 905 2060 957 mommo.
2621 893 2751 961 459

653 1095 821 1165 Haec
862 1095 1138 1164 audiens
1182 1095 1581 1162 reverendus
1625 1093 1870 1180 praesul
1899 1093 2091 1160 flevit
2137 1114 2273 1181 prae
2317 1092 2755 1162 multitudine

654 1202 725 1264 et
768 1197 1264 1286 pulchritudine
1309 1195 1680 1274 cantilenae,
1725 1216 1927 1282 quam
1971 1196 2191 1283 sagaci
2234 1195 2611 1264 intentione
2655 1218 2757 1264 re-

653 1300 865 1365 tinuit
908 1304 977 1365 et
1029 1299 1258 1366 docuit
1301 1297 1722 1385 postmodum
1782 1317 1950 1363 suos.
2047 1296 2220 1362 Cum
2265 1319 2425 1365 vero
2484 1298 2758 1386 spiritus

654 1406 725 1467 et
767 1401 1008 1468 animae
1060 1400 1397 1488 justorum
1440 1398 1768 1464 dixissent
1827 1398 2030 1465 finem
2076 1398 2333 1486 hymni,
2377 1405 2448 1467 et
2507 1401 2756 1487 procla·

656 1506 948 1571 massent

746 1636 782 1666 “
831 1627 1071 1698 Gloria
1113 1646 1375 1715 mayna
1417 1623 1677 1708 Patren·
1723 1645 1979 1712 semper
2023 1623 2156 1692 tibi
2194 1623 2441 1712 ‚qloriffi
2486 1622 2679 1706 Nate,

834 1738 869 1766 “
918 1728 1093 1798 me
1135 1728 1417 1818 Spimitu
1458 1726 1720 1805 Sancto,
1763 1725 1994 1814 qlma
2036 1726 2302 1814 Magram
2342 1725 2604 1806 Patri?
2623 1724 2649 1765 ¹

651 1865 794 1953 ipse
837 1885 979 1931 sese
1039 1863 1178 1931 solo
1229 1860 1608 1951 prostravit,
1655 1868 1725 1928 et
1770 1861 2068 1929 oratione
2129 1864 2411 1949 patrata,
2456 1883 2757 1929 reversus
2783 1870 3023 1923 Dunstan

653 1973 757 2035 est
800 1967 977 2033 unde
1040 1970 1330 2045 venerat,
1379 1969 1447 2031 et
1508 1969 1744 2031 vocato
1811 1963 2133 2051 discipulo
2177 1964 2406 2051 capaci
2470 1964 2755 2053 ingenio,
2781 1939 3047 2071 &aa

653 2069 885 2136 docere
929 2067 1194 2134 studuit
1236 2066 1415 2155 quod
1465 2065 1697 2132 audire
1741 2065 2123 2152 promeruit.
2216 2065 2365 2134 Hoc
2406 2087 2544 2132 non
2605 2088 2757 2135 con-
2782 2078 2839 2122 to
2860 2072 3048 2129 others·

653 2169 1099 2239 ticescendum
1162 2175 1329 2257 puto
1381 2168 1562 2255 quod
1627 2172 1698 2235 et
1740 2169 1820 2234 K
1814 2166 1964 2255 yria
2030 2166 2276 2235 eleison
2339 2169 2658 2235 eximium
2721 2192 2760 2237 e

655 2272 910 2360 superis
953 2272 1262 2339 auditum
1323 2270 1719 2357 agminibus,
1767 2271 1947 2357 quod
2004 2274 2334 2336 nostrates
2402 2271 2567 2338 satis
2611 2273 2760 2338 dul-

653 2376 821 2443 citer
862 2395 1212 2462 personare
1256 2378 1707 2441 consuescunt.
1800 2372 1905 2439 De
1964 2373 2303 2439 miraculis
2347 2395 2497 2460 quse
2554 2375 2760 2462 gessit
2784 2374 2867 2427 ΗΘ
2888 2375 2999 2429 vit-

654 2476 765 2545 hic
829 2477 1088 2554 reticeo,
1135 2480 1205 2543 et
1273 2475 1356 2541 de
1422 2474 1875 2562 assumptione
1937 2474 2311 2542 animarum
2379 2497 2545 2562 quas
2599 2477 2758 2544 caelo
2784 2459 3103 2563 {ffigffmiw

655 2578 895 2645 deferri
956 2577 1133 2644 vidit
1199 2577 1509 2657 conticeo,
1556 2577 1767 2643 sciens
1832 2598 1983 2643 eum
2044 2597 2182 2643 non
2227 2578 2556 2666 disparem
2620 2601 2757 2645 esse
2781 2577 3089 2694 gffssffch

652 2680 1146 2768 antiquioribus
1215 2679 1288 2745 in
1349 2679 1704 2758 miraculis,
1747 2700 1872 2747 nec
1916 2678 2239 2746 minorem
2299 2681 2631 2748 modernis
2683 2682 2757 2749 in
2783 2708 2988 2763 mim,

654 2783 954 2872 gloriosis
999 2782 1274 2850 actibus.

745 2886 989 2954 Versus
1052 2908 1315 2975 quoque
1383 2907 1547 2973 quos
1591 2884 1801 2964 Abbo,
1848 2884 1970 2951 flos
2033 2884 2461 2974 dignissimus
2505 2887 2758 2957 Floria-

653 2989 864 3056 censis
909 2988 1196 3056 coenobii
1258 2988 1347 3055 ad
1392 3009 1543 3054 eum
1606 2987 1996 3074 conscripsit
2039 2986 2165 3055 hoc
2222 2988 2296 3054 in
2357 2989 2500 3058 loco
2543 2991 2762 3077 placet

656 3090 961 3170 inserere,
1006 3090 1081 3155 in
1126 3090 1368 3176 quibus
1413 3090 1755 3156 doctorum
1800 3088 2238 3176 philosophiae
2266 3090 2647 3160 facundiam
2692 3099 2762 3160 et

654 3190 982 3257 facundiae
1048 3190 1529 3257 fecunditatem
1586 3210 1835 3275 gnarus
1902 3190 2108 3257 lector
2174 3197 2395 3276 potest
2456 3194 2759 3282 intelligi.

657 3290 832 3356 Nolo
908 3295 990 3356 ut
1053 3290 1261 3356 lateat
1324 3290 1504 3377 quod
1576 3290 1835 3356 senario
1897 3291 2224 3357 divisione
2285 3293 2386 3358 hii
2452 3302 2761 3363 constant

655 3391 1022 3468 constituti,
1071 3412 1352 3477 quorum
1398 3390 1746 3458 exordium
1790 3391 2038 3458 retinet
2081 3393 2461 3475 versiculus,

749 3532 784 3561 “
828 3522 1110 3594 Smnww
1152 3544 1348 3604 sacer,
1396 3530 1456 3591 te
1499 3543 1774 3591 smnma
1817 3523 2006 3592 sabas
2049 3531 2328 3594 tueatwr
2370 3526 2670 3597 amieis?

657 3658 735 3725 Si
776 3658 980 3746 hujus
1023 3656 1251 3724 literas
1293 3678 1338 3723 a
1380 3657 1708 3744 principio
1766 3680 2080 3725 versuum
2123 3660 2552 3743 inchoaveris,
2599 3669 2761 3735 tunc

654 3762 729 3827 in
789 3759 1165 3827 meditullio
1214 3759 1500 3825 eundem
1566 3760 1872 3827 invenies
1932 3760 2222 3849 pleniter
2284 3765 2620 3853 scriptum,
2688 3770 2760 3837 id

656 3871 759 3932 est
802 3865 877 3931 in
919 3868 1156 3932 octava
1199 3861 1455 3931 decima
1496 3862 1690 3943 linea,
1736 3864 1851 3943 ita,

748 4008 787 4038 “
829 4000 1108 4069 Smnmc
1149 4020 1349 4079 sacer,
1395 4006 1456 4068 te
1498 4020 1775 4068 mmmm
1818 4000 2009 4070 salus
2051 4009 2329 4073 tueatwr
2372 4004 2671 4075 amicis?

659 4135 737 4205 Si
780 4136 958 4202 enim
1003 4155 1046 4201 a
1087 4133 1276 4200 xviii.
1322 4132 1501 4201 linea
1543 4134 1770 4202 decem
1814 4140 1884 4202 et
1930 4142 2079 4204 octo
2121 4137 2332 4206 lineas
2377 4161 2762 4209 enumerare

656 4238 1021 4326 incoeperis,
1067 4238 1352 4305 eundem
1395 4237 1680 4324 reperies
1723 4260 2009 4306 versum.
2102 4240 2179 4306 Si
2220 4263 2266 4310 a
2308 4244 2528 4310 medio
2587 4246 2764 4313 ince-

657 4342 833 4429 peris
879 4341 1183 4408 deorsum
1226 4344 1605 4427 computare
1650 4339 1954 4421 volueris,
2001 4341 2301 4409 invenies
2345 4344 2566 4432 ipsum
2609 4368 2763 4414 con-

659 4444 979 4532 scriptum
1040 4465 1179 4510 esse
1245 4441 1662 4509 versiculum.
1756 4442 1834 4508 Si
1900 4463 1943 4509 a
2008 4443 2141 4510 fine
2188 4446 2492 4513 deorsum
2552 4470 2764 4536 usque

568 4628 590 4647 ⁸
657 4546 746 4613 ad
774 4546 975 4612 finem
1021 4544 1492 4611 desideraveris
1521 4542 1902 4631 perspicere,
1933 4545 2136 4611 simili
2165 4548 2420 4616 ratione
2462 4549 2765 4619 invenies

662 4648 838 4736 quod
884 4646 1191 4714 diximus.

660 4844 748 4977 th¹
782 4844 890 4896 The
922 4858 1074 4911 poem
1104 4845 1263 4896 above
1296 4842 1601 4906 mentioned,
1624 4843 1791 4896 which
1828 4843 2047 4897 consiste
2085 4845 2147 4897 of
2190 4850 2285 4900 110
2320 4846 2467 4913 lines,
2487 4850 2765 4905 concludes

722 4940 800 4976 us.
