3600 5800
435 1082 548 1133 The
568 1082 691 1133 land

430 1214 614 1267 fertile.

436 2718 684 2774 Wilffid’s

436 2803 530 2838 ene
501 2786 656 2837 emies

438 2853 742 2997 iffi?

441 3440 552 3491 into
572 3441 737 3493 which

444 3507 672 3558 winfrid

443 3572 573 3625 falls.

772 893 904 958 190
1380 907 1544 957 vrrs
1587 907 1918 959 mrmm
1965 909 2272 960 nrrsoom

771 1095 840 1157 et
881 1113 923 1157 a
968 1091 1111 1157 Deo
1156 1089 1413 1177 suscipi,
1460 1098 1530 1158 et
1580 1091 1797 1159 Deum
1843 1093 1918 1158 in
1961 1115 2031 1159 se
2075 1094 2402 1210 suscipere
2445 1094 2614 1162 fecit,
2708 1093 2872 1161 Erat

770 1197 994 1272 autem
1061 1197 1218 1259 ante
1282 1192 1647 1259 adventum
1709 1194 1890 1261 beati
1965 1195 2097 1260 viri
2164 1200 2342 1262 terra
2405 1195 2551 1282 ipsa
2613 1215 2873 1286 magnae

770 1294 1084 1361 salsitatis
1141 1315 1543 1411 ‘magnaeque
1610 1295 1996 1375 sterilitatis,
2062 1302 2133 1362 et
2205 1298 2393 1363 velut
2457 1297 2531 1361 in
2603 1297 2874 1363 modum

769 1396 953 1483 rupis
996 1396 1221 1462 nimiae
1263 1396 1677 1482 asperitatis3
1721 1417 1800 1463 ac
1842 1419 1962 1484 per
2012 1398 2137 1464 hoc
2204 1398 2575 1484 quibusque
2619 1398 2874 1465 anima-

768 1497 943 1563 libus
1007 1497 1095 1563 ad
1156 1497 1574 1565 incolendum
1637 1519 1894 1585 magnae
1961 1499 2533 1565 incommoditatis.
2626 1499 2875 1566 Verum

768 1599 856 1664 ad
899 1598 1434 1685 praedicationem
1478 1599 1609 1664 viri
1654 1598 1783 1665 Dei
1842 1600 2070 1666 eadem
2113 1605 2311 1687 gente
2356 1600 2555 1665 fidem
2601 1599 2875 1667 Domini

771 1700 1182 1787 suscipiente,
1228 1701 1402 1767 sicut
1444 1701 1641 1767 corda
1683 1723 1907 1767 eorum
1951 1723 2251 1788 supernae
2319 1701 2684 1768 dulcedinis
2727 1723 2874 1766 rore

769 1801 857 1867 ad
899 1800 1314 1866 fertilitatem
1359 1821 1631 1887 operum
1692 1802 2015 1868 bonorum
2077 1802 2353 1880 mollita,
2401 1807 2471 1867 et
2537 1801 2872 1867 inhabita·

771 1904 939 1969 tioni
1017 1903 1306 1990 Spiritus
1375 1903 1603 1971 Sancti
1677 1910 1838 1969 sunt
1894 1904 2310 1971 accommoda
2373 1903 2588 1984 facta3
2661 1904 2763 1969 ita
2805 1909 2876 1968 et

769 2011 963 2071 terrae
1007 2006 1299 2092 ipsorum
1343 2006 1601 2072 salsitas
1645 2007 1719 2071 in
1763 2006 2195 2085 dulcedinem,
2243 2006 2557 2073 sterilitas
2628 2007 2702 2071 in
2746 2006 2872 2072 fer-

770 2106 1102 2185 tilitatem,
1166 2108 1484 2193 asperitas
1551 2107 1625 2172 in
1701 2108 2050 2174 mollitiem
2124 2113 2327 2194 atque
2401 2109 2872 2196 pinguedinem

770 2230 975 2286 versa,
1021 2210 1326 2275 omnibus
1392 2209 1925 2275 inhabitantibus
1988 2232 2136 2278 eam
2196 2211 2477 2277 diversae
2521 2210 2875 2279 commodi-

772 2312 934 2378 tatis
978 2313 1197 2398 copias
1240 2312 1606 2378 lautissime
1650 2312 1901 2378 intulit.

1440 2561 1887 2647 [Curram
1921 2560 2215 2648 XXIX]

865 2718 1130 2784 Interea
1194 2716 1246 2782 ii
1313 2718 1429 2804 qui
1496 2739 1617 2784 sua
1675 2718 1978 2804 nequitia
2042 2718 2208 2785 vieti
2270 2718 2557 2785 amicum
2618 2717 2877 2785 Christi

775 2820 1039 2907 propria
1113 2819 1454 2907 dignitate,
1546 2820 1964 2907 possessione,
2041 2824 2219 2884 terra
2305 2819 2874 2906 proturbaverant,

774 2923 1025 3010 legatos
1068 2944 1220 2988 suos
1263 2928 1404 2989 tam
1446 2921 1791 2988 fraudibus
1837 2920 2270 3006 iniquissimae
2315 2921 2666 2988 delationis
2710 2921 2874 3008 liga-

776 3030 895 3103 tos,
960 3045 1158 3110 quam
1221 3028 1291 3090 et
1355 3025 1633 3090 diversis
1702 3024 1955 3090 exeniis
2016 3029 2320 3089 oneratos
2386 3024 2460 3088 in
2528 3023 2876 3090 Franciam

777 3126 1094 3213 dirigunt,
1171 3148 1302 3213 quo
1376 3126 1525 3193 viro
1610 3125 1883 3192 Domini
1972 3125 2218 3211 partim
2306 3124 2554 3204 fraude,
2629 3126 2876 3212 partim

777 3250 1047 3295 munere
1106 3228 1375 3314 laqueos
1437 3227 1841 3313 deceptionis
1903 3231 1974 3292 et
2035 3226 2377 3313 captionis,
2436 3227 2703 3313 laqueos
2763 3227 2876 3292 de-

776 3331 1217 3417 praedationis,
1263 3329 1653 3417 perditionis
1713 3333 1783 3394 et
1841 3327 2074 3394 mortis
2134 3328 2512 3395 instituant.
2605 3327 2740 3395 Sed
2797 3334 2880 3394 ut

776 3435 1048 3520 laqueus
1108 3454 1349 3510 eorum,
1397 3433 1513 3518 qui
1572 3431 1957 3497 muneribus
2002 3431 2257 3497 seducti
2308 3431 2619 3517 laqueum
2685 3431 2877 3496 insti-

777 3541 1053 3602 tuerunt
1096 3557 1285 3601 servo
1329 3533 1474 3612 Dei,
1519 3534 1697 3621 ipsos
1742 3534 2150 3614 involveret3
2210 3534 2538 3620 quendam
2584 3534 2878 3601 sacerdo-

778 3644 914 3704 tem
974 3637 1262 3714 Domini,
1308 3637 1572 3703 nomine
1618 3636 2042 3715 Winfiridum,
2087 3657 2301 3722 nuper
2352 3658 2394 3702 a
2452 3658 2572 3702 suo
2632 3636 2878 3722 episco-

778 3745 943 3825 patu
1005 3738 1394 3824 depositum,
1456 3741 1525 3803 et
1587 3743 1751 3804 tunc
1813 3739 1886 3802 in
1947 3737 2542 3824 peregrinationem
2586 3759 2706 3823 pro
2750 3735 2880 3802 Dei

777 3863 997 3907 amore
1042 3845 1325 3917 euntem,
1371 3838 1625 3906 occulto
1661 3840 1918 3927 judicio
1963 3838 2092 3905 Dei
2135 3840 2272 3903 suis
2316 3839 2622 3904 omnibus
2682 3837 2879 3925 spoli-

627 3994 637 4004 .
777 3947 1078 4020 averunt,
1123 3941 1472 4008 vicinitate
1516 3941 1804 4007 nominis
1849 3941 2244 4027 propriaque
2289 3941 2706 4027 malignitate
2766 3940 2877 4005 de-

778 4046 966 4131 cepti.
1081 4043 1330 4109 Verum
1398 4042 1515 4108 ubi
1576 4042 1704 4107 hoc
1765 4041 1856 4106 ab
1928 4040 2062 4105 illis
2137 4046 2239 4106 est
2312 4042 2742 4119 intellectum,
2811 4046 2883 4107 et

779 4168 1066 4233 quonam
1109 4146 1216 4209 vir
1260 4143 1533 4210 Domini
1577 4163 1655 4208 ea
1698 4145 2093 4228 tempestate
2139 4142 2409 4228 degeret
2445 4145 2876 4230 recognitum,

780 4249 1108 4315 Ebroinus
1174 4244 1412 4332 regalis
1485 4244 1684 4311 curiae
1759 4248 1832 4308 et
1917 4243 2111 4308 istius
2183 4244 2503 4330 nequitiae
2576 4246 2881 4333 princeps

782 4351 1027 4436 scripta
1071 4370 1222 4415 cum
1250 4367 1490 4432 magno
1534 4365 1808 4410 munere
1850 4343 2152 4430 Aldgislo
2181 4344 2322 4430 regi
2354 4344 2616 4424 direxit,
2646 4351 2879 4433 petens

782 4458 863 4518 ut
907 4452 1304 4529 wilfridum,
1337 4448 1641 4516 omnibus
1669 4447 1861 4512 bonis
1905 4446 2361 4533 exspoliatum,
2393 4447 2641 4514 crudeli
2673 4452 2883 4513 morte

780 4560 1060 4621 necaret.
1171 4553 1321 4617 Rex
1371 4555 1595 4617 autem
1649 4569 1771 4615 nec
1830 4549 2147 4635 precibus,
2193 4570 2317 4617 nec
2375 4549 2566 4617 donis
2626 4548 2752 4613 sub
2808 4569 2879 4613 se

781 4657 1010 4724 eadere
1084 4660 1224 4720 tam
1311 4654 1616 4739 nequiter
1698 4652 2132 4738 acquiescens,
2206 4652 2474 4718 missam
2548 4648 2873 4718 cartulam

780 4777 1023 4843 magna
1065 4776 1217 4822 cum
1260 4756 1716 4841 indignatione
1746 4754 2084 4841 diruptam
2128 4754 2393 4840 ignibus
2436 4751 2707 4836 injecit;
2759 4772 2876 4817 ne-
