3600 5800
1415 882 1740 931 wurmm
1788 882 2106 933 anscom.
2678 866 2807 936 237

708 1070 944 1130 ornatu
988 1065 1354 1131 videbatur.
1448 1065 1772 1132 Praeterea
1815 1066 1889 1131 in
1932 1066 2126 1132 choro
2172 1066 2502 1152 quendam
2548 1086 2804 1152 magnae
2832 1077 2934 1124 and
2956 1075 3106 1126 hears

707 1166 1157 1230 multitudinis
1232 1187 1513 1231 cuneum
1598 1168 1862 1232 audivit
1940 1173 2293 1234 nocturnas
2368 1167 2648 1254 Vigilias
2722 1168 2803 1232 de
2831 1140 3104 1260 ἱῖζιζξξέξη

707 1266 949 1334 Sancto
978 1268 1288 1333 Wilfrido
1319 1268 1575 1334 festivis
1605 1270 2027 1335 concentibus
2058 1271 2535 1337 decantantem.
2602 1270 2802 1336 Cum·
2831 1274 3039 1352 singing
3054 1277 3141 1327 tho

706 1391 833 1453 que
860 1370 948 1434 ad
995 1369 1335 1453 Lectiones
1381 1376 1450 1434 et
1493 1369 1932 1456 Responsoria
1975 1377 2251 1437 ventum
2298 1376 2484 1449 esset,
2532 1394 2641 1437 eos
2686 1373 2802 1457 qui
2830 1343 3109 1457 &uffa-⁰¹·

705 1471 813 1535 vel
857 1471 1068 1557 legere
1115 1471 1223 1536 vel
1268 1478 1528 1537 cantare
1575 1472 1920 1549 debebant,
1966 1495 2083 1559 per
2112 1474 2392 1540 cocleam
2438 1474 2797 1549 ascendere,

703 1591 780 1637 ac
823 1592 1038 1637 coram
1104 1572 1299 1638 altari
1345 1578 1414 1637 et
1479 1594 1742 1660 corpore
1786 1575 1966 1640 beati
2011 1573 2140 1638 viri
2208 1574 2396 1659 quasi
2440 1595 2558 1659 pro
2607 1575 2801 1639 bene·

709 1675 992 1741 dictione
1038 1675 1406 1761 supplicare
1467 1675 1950 1761 contemplatus
1996 1680 2110 1740 est.
2207 1675 2353 1755 Quo
2412 1674 2601 1751 fact0,
2649 1695 2805 1740 mox

701 1777 1030 1842 redeundo
1092 1777 1587 1853 descendebant,
1635 1782 1705 1841 et
1749 1776 2035 1842 officium
2081 1775 2343 1862 legendi
2410 1782 2609 1860 atque
2655 1797 2805 1841 can-

701 1877 905 1954 tandi,
953 1876 1071 1942 ubi
1136 1897 1273 1940 mos
1328 1882 1429 1941 est
1473 1876 1544 1938 in
1608 1876 1879 1941 ecclesia
1922 1875 2081 1960 ipsa,
2145 1874 2599 1940 decentissime
2662 1898 2805 1960 per-

701 1977 1061 2042 solvebant.

792 2078 957 2144 Haec
999 2098 1177 2143 nunc
1245 2078 1509 2162 quidem
1557 2078 1734 2143 dicta
1801 2078 1951 2142 sint.
2044 2077 2199 2142 Alia
2243 2098 2398 2142 vero
2461 2099 2608 2163 quae
2652 2078 2807 2144 licet
2830 2086 2940 2136 The
2958 2088 3142 2139 author

702 2198 861 2243 vera
926 2198 1401 2264 cognoscamus,
1449 2184 1672 2244 tamen
1733 2179 1807 2243 in
1873 2179 2181 2264 praesenti
2240 2178 2477 2243 melius
2543 2180 2804 2246 silentio
2830 2153 3083 2269 ζξξιῗῐξξ

701 2281 838 2345 fore
905 2280 1388 2367 supprimenda,
1449 2302 1532 2345 ne
1596 2280 1984 2367 fatigemini,
2038 2281 2168 2346 rati
2214 2302 2454 2345 sumus,
2551 2280 2802 2346 Exhor-
2829 2292 2884 2334 to
2901 2285 3104 2362 posom-

702 2387 922 2447 tantes
984 2382 1209 2467 itaque
1273 2403 1613 2468 precamur
1678 2403 1814 2459 vos,
1880 2381 2129 2447 domini
2195 2387 2264 2447 et
2308 2381 2540 2447 ‘ri-atres
2609 2383 2804 2450 dilec-
2829 2351 3035 2468 {baffi}
3056 2368 3125 2403 ⁰¹²

702 2483 956 2561 tissimi,
1020 2503 1375 2569 precamur,
1439 2483 1842 2549 considerate
1920 2488 2237 2568 quantam
2314 2485 2802 2550 venerationem
2830 2483 3096 2550 feast-day.

702 2584 995 2650 debeatis
1038 2585 1195 2651 huic
1240 2586 1387 2661 diei,
1437 2606 1632 2670 quem
1679 2590 1819 2651 tam
1864 2584 2226 2650 celebribus
2271 2585 2555 2651 modulis
2599 2587 2800 2652 etiam

699 2688 770 2751 in
815 2692 991 2753 terra
1035 2694 1432 2754 venerantur
1453 2688 1693 2775 Angeli
1740 2689 1882 2753 Dei.
1978 2687 2170 2768 Quod
2214 2688 2270 2753 si
2317 2708 2435 2753 vos
2478 2689 2797 2775 gaudetis,

700 2794 768 2853 et
808 2789 1154 2874 gaudendo
1184 2790 1431 2876 gratias
1476 2789 1674 2876 agitis
1704 2788 1848 2854 Deo
1892 2809 2013 2875 pro
2043 2787 2358 2855 felicitate
2404 2810 2537 2875 qua
2566 2789 2799 2855 beatus

698 2895 886 2977 pater
928 2897 1150 2958 noster
1210 2891 1556 2958 Wilfridus
1602 2891 1998 2958 sublimatur
2043 2890 2114 2955 in
2175 2891 2366 2969 eaelis,
2414 2890 2797 2959 indubitan-

695 2998 796 3059 ter
840 2999 1060 3061 tenete
1106 2996 1262 3081 quia
1306 2996 1445 3081 ipse
1491 2996 1941 3081 compatietur,
1975 2999 2044 3058 et
2087 2995 2543 3080 compatiendo
2584 2994 2801 3061 Deum

696 3096 911 3162 orabit
972 3118 1089 3183 pro
1135 3097 1373 3162 vestris
1421 3097 1699 3161 miseriis
1763 3096 2005 3179 quibus
2050 3096 2405 3181 opprimini
2449 3098 2522 3161 in
2588 3099 2795 3162 terris.

699 3195 786 3261 Et
830 3198 886 3261 si
931 3219 1049 3283 pro
1079 3197 1333 3261 meritis
1380 3196 1521 3280 ejus
1567 3197 1855 3272 devotas,
1890 3200 2213 3279 quantum
2244 3196 2535 3281 potestis,
2572 3196 2799 3261 laudes

696 3297 1037 3363 exsolvitis
1102 3298 1260 3372 De0‚
1308 3296 1470 3361 certi
1516 3301 1724 3361 estote
1795 3295 1970 3379 quod
2035 3301 2105 3358 et
2147 3295 2286 3380 ipse
2350 3316 2468 3379 pro
2513 3297 2795 3379 peccatis

696 3399 934 3461 vestris
979 3399 1215 3462 devote
1260 3402 1632 3482 prosternet
1675 3416 1896 3480 preces
1941 3415 2092 3458 suas
2145 3415 2362 3459 coram
2409 3395 2521 3459 Eo.
2614 3394 2795 3472 Ecce,

696 3498 1028 3575 carissimi,
1075 3499 1130 3562 si
1177 3499 1250 3562 in
1294 3498 1482 3563 vobis
1526 3518 1704 3563 nunc
1746 3502 2057 3573 remanet,
2090 3517 2402 3582 magnum
2445 3502 2795 3583 patronum

694 3603 849 3665 ante
910 3596 1126 3663 Deum
1189 3603 1411 3663 vestra
1483 3596 1861 3662 fraternitas
1928 3594 2149 3661 habet.
2244 3595 2475 3662 Grates
2542 3598 2796 3684 agendo

697 3699 963 3766 laudate
1008 3697 1351 3763 Christum
1396 3697 1469 3761 in
1531 3696 1662 3772 ill0‚
1709 3696 1989 3761 firmiter
2033 3698 2368 3764 credentes
2414 3699 2589 3785 quod
2651 3699 2790 3784 ipse

695 3800 997 3866 Eundem
1042 3800 1230 3865 vobis
1275 3798 1564 3884 placabit
1611 3819 1729 3884 pro
1774 3798 1964 3864 vobis
2009 3799 2485 3866 intercedendo.
2581 3800 2796 3881 Quam

691 3905 1124 3991 placationem
1156 3904 1467 3970 concedat
1497 3903 1683 3968 vobis
1715 3903 1866 3989 Ipse
1897 3902 2093 3981 Deus,
2144 3903 2276 3983 Qui
2307 3905 2377 3969 in
2410 3905 2496 3970 Se
2526 3925 2797 3970 manens

691 4006 1092 4074 aeternah'ter
1135 4006 1325 4082 vivit,
1374 4004 1612 4068 Trinus
1657 4010 1726 4070 et
1769 4005 1980 4070 Unus.
2072 4005 2300 4070 Amen.

886 4179 1188 4269 Explicit
1231 4179 1742 4266 Breviloqwzum
1800 4181 1973 4247 Vitoe
2017 4179 2257 4248 Sancti
2312 4178 2620 4266 Wafivekzi

1241 4280 1719 4369 archiepiscopi
1762 4289 1822 4348 et
1866 4281 2264 4369 consessms.
