3600 5800
435 1094 448 1105 ·
532 1068 768 1129 Eadmer,

535 1150 644 1199 cap.
672 1136 745 1183 xl.

535 1212 745 1265 wilfrid

534 1280 735 1330 teaches
751 1279 837 1330 the

535 1346 739 1396 natives

535 1413 648 1462 how
671 1419 728 1462 to

533 1478 650 1530 fish.

535 1933 699 2011 Idem,
721 1946 831 1999 cap.

535 2676 650 2725 cap.
674 2661 784 2711 xlii.

536 2737 703 2790 Caed-

537 2805 735 2855 walla's

537 2869 773 2922 victorias

536 2939 641 2987 and
662 2938 787 3002 gista

536 3010 592 3054 to
615 3004 746 3056 wil-

534 3069 653 3122 frid.

539 3491 702 3554 Beda,
724 3492 798 3544 H.

541 3558 621 3619 E„
643 3558 712 3610 iv.
734 3563 813 3610 16.

544 3635 707 3688 Caed-

540 3704 736 3753 valla‘s

540 3775 817 3819 treatment

541 3835 604 3885 of
611 3836 697 3885 the
719 3849 841 3885 sons

542 3900 602 3952 of
618 3902 833 3952 Arvald.

541 4689 775 4750 Eadmer,

539 4771 649 4822 cap.
675 4755 805 4806 xliii.

873 869 1003 933 502
1737 883 2108 933 APPENDIX.

869 1071 1029 1127 tibus
1062 1069 1254 1141 igitur
1277 1069 1708 1141 anguillaribus
1743 1071 2135 1144 undecunque
2186 1069 2466 1136 collectis,
2515 1069 2590 1127 ab
2643 1068 2980 1125 hominibus

871 1150 1154 1206 antistitis
1197 1151 1261 1205 in
1309 1168 1470 1206 mare
1504 1144 1749 1221 mersis,
1797 1144 2205 1208 diversorum
2247 1164 2561 1228 generum
2620 1150 2810 1220 pisces
2862 1153 2983 1204 tre-

874 1244 1078 1294 centos
1114 1244 1414 1309 ceperunt,
1469 1231 1550 1295 de
1600 1241 1812 1313 quibus
1865 1245 2102 1296 eentum
2150 1232 2550 1318 pauperibus
2618 1229 2979 1306 distribuit,

874 1332 1110 1382 eentum
1159 1344 1194 1380 a
1244 1326 1458 1397 quibus
1511 1329 1665 1384 retia
1713 1334 2019 1400 acceperat
2067 1322 2364 1399 contulit,
2435 1326 2504 1385 et
2557 1334 2793 1383 centum
2852 1318 2980 1383 sibi

875 1406 1255 1471 reservavit.
1350 1414 1476 1484 Quo
1522 1416 1806 1472 beneficio
1860 1417 2110 1471 multum
2162 1418 2406 1474 antistes
2456 1434 2557 1473 eor
2605 1415 2866 1471 omnium
2915 1415 2980 1469 in

875 1521 1045 1559 suum
1082 1503 1373 1560 convertit
1408 1522 1701 1571 amorem;
1755 1509 1818 1559 et
1851 1495 2166 1561 libentius
2202 1523 2271 1561 9ο
2318 1504 2671 1577 praedicante
2725 1501 2983 1557 caelestia

874 1609 1112 1663 sperare
1161 1597 1485 1663 coeperunt,
1525 1593 1693 1663 cujus
1741 1593 2070 1649 ministerio
2118 1584 2509 1671 temporalia
2557 1592 2710 1646 bona
2758 1602 2981 1666 sump-

874 1677 1118 1737 serunt.
1212 1673 1318 1737 Ibi
1383 1672 1560 1737 enim
1628 1694 1713 1736 ex
1777 1673 1948 1738 dono
2015 1675 2187 1760 regis
2256 1671 2694 1739 Ethelwalehi
2759 1684 2981 1734 terram

874 1774 1172 1845 octoginta
1222 1779 1448 1845 septem
1511 1773 1890 1839 familiarum,
1943 1776 2043 1830 ubi
2098 1793 2233 1831 suos
2291 1775 2579 1838 homineS,
2633 1771 2733 1843 qui
2785 1771 2983 1825 exules

872 1855 1250 1924 vagabantur,
1301 1846 1635 1931 reciperet,
1673 1855 1955 1911 vocabulo
1992 1856 2267 1921 Seleseia,
2306 1856 2369 1910 id
2420 1860 2510 1910 est
2558 1852 2755 1908 insula
2788 1848 2981 1908 Vituli

874 1939 1112 2007 Marini,
1175 1936 1478 2020 suscepit,
1539 1948 1600 1999 et
1667 1944 2082 1999 monasterium
2148 1936 2245 2000 ibi
2302 1942 2588 1999 fundavit.
2688 1931 2773 1995 In
2847 1950 2982 2014 qua

873 2020 1236 2090 possessione
1271 2026 1579 2093 utriusque
1627 2040 1798 2078 sexus
1848 2023 2129 2079 ducentos
2164 2022 2594 2097 quinquaginta
2637 2019 2979 2091 baptizavit,

874 2096 944 2155 et
987 2113 1030 2156 a.
1057 2099 1210 2172 jugo
1245 2102 1546 2157 servitutis
1580 2102 1853 2156 humanae
1890 2104 2157 2158 absolvit.

964 2180 1231 2247 Interea
1265 2182 1733 2268 superveniens
1768 2205 1920 2248 cum
1957 2184 2251 2249 exercitu
2300 2180 2654 2258 Cedwalla‚
2693 2180 2774 2245 de
2810 2177 2983 2264 regis
3036 2235 3041 2239 .

871 2303 1110 2367 genere
1172 2283 1631 2362 Gewissorum‚
1697 2284 1767 2349 id
1844 2291 1947 2350 est
2022 2284 2545 2351 occidentalium
2623 2282 2981 2357 Saxonum,

872 2405 1023 2449 cum
1054 2385 1357 2452 exularet
1378 2408 1420 2451 a
1449 2388 1668 2472 patria
1697 2408 1835 2464 sua,
1868 2387 2201 2454 interfecit
2231 2409 2450 2473 regem
2482 2384 2980 2459 Ethelwaleum,

872 2506 951 2551 ac
979 2488 1389 2572 provinciam
1430 2488 1614 2554 illam
1646 2511 1827 2554 saeva
1854 2491 2030 2556 caede
2062 2496 2130 2554 et
2161 2488 2669 2576 depopulatione
2699 2485 2982 2553 attrivit.

946 2597 1092 2652 Post
1152 2598 1280 2653 haec
1344 2611 1502 2655 vero
1577 2591 1753 2676 cepit
1821 2600 2114 2657 cedwalla
2178 2600 2431 2655 insulam
2495 2599 2763 2662 Vectam,
2833 2609 2982 2673 quae

876 2690 1119 2741 eatenus
1154 2682 1297 2741 erat
1340 2691 1468 2741 tota
1502 2686 1788 2742 idolatriae
1824 2687 2042 2753 dedita,
2078 2699 2156 2743 ac
2199 2679 2453 2764 tragica
2515 2676 2691 2742 caede
2760 2697 2985 2741 Omnes

875 2763 1221 2849 indigenas
1268 2765 1724 2842 exterminare,
1769 2787 1848 2831 ae
1894 2792 2015 2830 suoe
2050 2773 2366 2845 provinciae
2406 2772 2672 2828 homines
2705 2786 2825 2850 pro
2877 2765 2985 2829 his

875 2860 1231 2917 substituere
1280 2853 1638 2935 contendit,
1686 2861 1846 2919 voto
1898 2875 1967 2919 se
2027 2852 2340 2939 obliganS,
2389 2873 2789 2937 quamquam
2839 2880 2984 2918 non-

876 2948 1017 3004 dum
1040 2958 1443 3021 regeneratus,
1470 2944 1647 3028 quod
1682 2952 1734 3007 si
1768 2951 1960 3007 victor
1994 2949 2243 3005 insulam
2278 2942 2677 3028 subjugaret,
2716 2955 2983 3020 quartam

875 3041 1105 3107 partem
1149 3037 1296 3110 ejus,
1349 3038 1526 3095 simul
1577 3046 1639 3096 et
1691 3038 1930 3111 praedae,
1987 3036 2239 3093 Domino
2292 3038 2475 3094 daret.
2566 3029 2688 3093 Est
2755 3034 2981 3094 autem

876 3131 1153 3171 mensura
1186 3118 1446 3190 ejusdem
1482 3119 1709 3187 insulae,
1738 3119 1915 3190 juxta
1951 3116 2396 3174 aestimationem
2430 3118 2783 3188 Anglorum,
2820 3117 2986 3174 mille

877 3205 1265 3264 ducentarum
1324 3210 1702 3267 familiarum.
1806 3202 2013 3268 Dedit
2087 3222 2239 3286 ergo
2322 3200 2659 3268 Oedwalla
2742 3202 2987 3268 Sancto

877 3286 1185 3355 Wilfrido
1236 3291 1708 3376 possessionem
1753 3306 1931 3356 terrae
1980 3303 2380 3355 trecentarum
2433 3299 2813 3367 familiarum,
2870 3292 2986 3378 qui

875 3394 1089 3454 totam
1134 3391 1418 3458 insulam
1463 3394 1551 3460 ad
1594 3394 1793 3459 fidem
1838 3391 2181 3459 convertit.

968 3493 1121 3558 Duo
1164 3500 1390 3560 autem
1434 3497 1555 3561 filii
1592 3503 1843 3560 Arvaldi
1888 3503 2048 3575 regis
2081 3494 2262 3559 illius
2298 3502 2509 3558 insulae
2558 3502 2797 3575 speciali
2848 3509 2989 3560 sunt

879 3589 989 3645 Dei
1037 3592 1231 3660 gratia
1283 3594 1561 3650 coronati.
1585 3583 1723 3647 ‘N
1724 3606 1833 3648 am
1902 3591 2347 3646 imminentibus
2404 3581 2697 3647 hostium
2773 3584 2987 3671 irrup-

876 3669 1186 3748 tionibUS,
1269 3682 1414 3754 fuga
1494 3682 1641 3753 lapsi
1725 3687 1865 3738 sunt
1935 3679 2007 3735 de
2079 3680 2291 3744 insula,
2376 3687 2439 3737 et
2519 3681 2583 3736 in
2664 3682 2987 3752 proximam

879 3768 919 3822 J
918 3771 1152 3822 ntorum
1219 3769 1582 3840 provinciam
1628 3767 1918 3833 translati,
1974 3785 2108 3822 cum
2160 3759 2581 3825 occultandos
2634 3786 2696 3825 se
2756 3786 2794 3824 a
2840 3771 2991 3826 facie

878 3846 1038 3997 ’(3ῗέ
1057 3846 2074 3984 αἶὲῗῖῗζιῗζῖἱῗίἶεεθῖῗὲθῖιῗὲἰῖζ
2108 3856 2278 3983 ffit'
2311 3847 2825 3984 fflffiatffaediffi
2817 3849 2990 3985 'iffi'

878 4005 942 4060 id
989 4011 1077 4061 est
1113 4006 1349 4062 Vadum
1373 3940 1716 4073 Arundinxilsl,
1754 4007 1977 4063 habens
2011 3945 2450 4072 monasteiiium
2490 4008 2653 4063 venit
2678 4008 2754 4063 ad
2789 3973 2989 4081 reg-eni

879 4077 1301 4157 cedwallam,
1336 4086 1775 4159 postulavitque
1826 4087 1899 4142 ab
1935 4098 2027 4154 ec,
2074 4083 2154 4142 ut
2188 4088 2239 4142 si
2289 4103 2529 4143 necesse
2567 4092 2720 4143 esset
2772 4107 2989 4160 pueros

879 4165 1104 4245 occidi,
1140 4175 1305 4246 prius
1342 4189 1442 4229 eos
1491 4173 1703 4229 liceret
1751 4174 1891 4230 fidei
1942 4172 2291 4230 Christiana>
2345 4176 2727 4232 sacramentis
2781 4177 2989 4234 imbui.

879 4261 1186 4320 Concessit
1216 4279 1341 4328 rex,
1380 4264 1444 4316 et
1477 4260 1601 4333 ipse
1649 4260 1966 4317 instructos
2001 4273 2111 4317 eos
2147 4261 2323 4317 verbo
2372 4262 2666 4329 veritatiS,
2707 4280 2777 4319 ae
2829 4265 2993 4320 fonte

879 4341 1157 4408 salutari
1209 4349 1461 4414 ablutos,
1514 4348 1587 4404 de
1646 4347 1917 4419 ingressu
1976 4348 2147 4419 regni
2207 4348 2413 4404 aeterni
2470 4354 2660 4406 certos
2713 4350 2991 4408 reddidit.

878 4432 1020 4488 Mox
1054 4431 1147 4486 illi
1199 4429 1455 4484 instante
1508 4426 1797 4492 carnifice,
1837 4431 2090 4488 mortem
2141 4427 2264 4482 laeti
2318 4426 2551 4483 subiere
2602 4431 2992 4501 temporalem

878 4533 985 4652 ger
1023 4531 1200 4652 qtzam
1237 4530 1300 4568 se
1336 4511 1412 4568 ad
1445 4511 1631 4567 vitam
1666 4510 1877 4566 animae
1923 4516 2269 4583 perpetuam
2304 4511 2657 4569 transituros
2694 4530 2824 4569 esse
2871 4531 2991 4572 non

919 4598 1083 4653 ubita
1122 4599 1241 4651 ant.

948 4688 1124 4744 Anno
1159 4683 1379 4745 autem
1427 4676 1700 4743 Domini
1751 4687 2168 4744 sexcentesimo
2216 4688 2570 4759 octogesimo
2622 4689 2851 4760 quinte,
2888 4708 2991 4745 rex

883 4775 1550 4831 Northamhumbrormn
1587 4775 1871 4846 Egl‘ridus
1907 4781 2132 4831 temere
2167 4775 2487 4832 exercitum
2524 4777 2599 4833 ad
2634 4777 2989 4834 vastandum
