3600 5800
780 826 912 891 400
1419 838 1584 888 vrrA
1629 839 1873 889 simon
1919 838 2244 899 oswum,

780 1026 986 1105 fieret,
1030 1027 1127 1093 sic
1171 1025 1311 1093 Sua
1355 1025 1722 1092 inedicibili
1768 1025 2120 1112 majestate
2166 1024 2536 1104 constituit,
2590 1028 2661 1090 et
2705 1045 2891 1112 mag-

778 1128 1090 1194 nitudine
1159 1127 1519 1215 praescivit,
1579 1132 1660 1192 ut
1726 1126 2018 1193 caelestia
2081 1127 2281 1193 beata
2343 1126 2616 1213 agmina
2634 1140 2668 1173 ὃ
2738 1128 2885 1192 Sibi

778 1230 1023 1316 placito
1053 1229 1476 1316 suppeditare
1499 1227 1535 1276 b
1580 1230 1901 1295 deberent
1944 1228 2197 1309 offici03
2247 1234 2319 1295 et
2346 1234 2428 1294 ut
2470 1229 2886 1316 protoplasti,

778 1332 951 1400 sicut
995 1332 1363 1410 constituit,
1409 1330 1632 1399 felices
1678 1331 1803 1396 filii
1850 1353 1893 1397 a
1937 1332 2081 1398 Deo
2125 1331 2471 1418 redempti,
2517 1337 2588 1398 et
2647 1331 2695 1397 J
2696 1332 2886 1399 orda-

777 1435 927 1502 nico
972 1435 1246 1501 flumine
1275 1433 1510 1512 abluti,
1554 1439 1723 1520 post,
1754 1433 2054 1520 deposito
2083 1433 2299 1501 carnis
2343 1455 2557 1513 onere,
2588 1434 2890 1501 valerent

777 1537 1022 1604 mentis
1087 1535 1649 1623 contemplatione
1667 1549 1697 1584 0
1764 1535 2067 1602 contueri
2130 1534 2325 1616 Eum,
2371 1557 2415 1603 a
2483 1535 2634 1617 Quo
2677 1536 2886 1603 creati

777 1645 983 1706 erant.
1077 1639 1257 1721 Quid
1300 1660 1598 1705 summus
1643 1637 1974 1705 Saturnus
2019 1643 2090 1704 et
2134 1637 2294 1704 socii
2339 1638 2579 1724 quini?
2623 1638 2886 1716 Nonne,

779 1746 860 1807 ut
909 1739 1172 1828 praefati
1233 1761 1477 1818 sumus,
1525 1760 1645 1806 suo
1712 1738 2000 1826 principi
2070 1738 2353 1825 subjecti
2398 1745 2558 1805 sunt
2592 1743 2618 1806 2
2679 1738 2888 1807 Orion

777 1849 980 1930 atque
1038 1842 1361 1911 Prochion
1406 1848 1477 1909 et
1521 1841 1747 1920 Helix,
1793 1841 2018 1909 omnia
2061 1842 2289 1909 caelica
2334 1845 2545 1910 vasa?
2642 1842 2887 1911 Nonne

777 1943 1072 2030 ejusdem
1100 1943 1579 2032 gubernatione
1609 1948 1679 2009 et
1707 1942 2151 2011 illustratione
2183 1944 2594 2010 decurrunt?
2638 1944 2888 2011 Verum

778 2047 980 2113 etiam
1042 2046 1161 2114 illa
1235 2068 1409 2163 vaga
1474 2045 1743 2124 Lucina,
1814 2068 1933 2133 per
1993 2045 2182 2132 cujus
2258 2068 2523 2114 cursum
2598 2048 2888 2116 rationes

778 2147 1077 2213 omnium
1120 2147 1450 2213 mensium
1518 2152 1590 2213 et
1664 2146 1924 2212 dierum
2001 2147 2167 2213 satis
2241 2147 2498 2234 liquido
2571 2148 2886 2236 astrologi

778 2248 977 2334 periti
1022 2255 1278 2335 queunt
1321 2248 1716 2336 investigari
1761 2248 1989 2315 ablato
2034 2270 2251 2315 errore
2296 2249 2417 2337 fug
2522 2298 2538 2316 .
2630 2300 2644 2317 .
2846 2249 2889 2316 .¹

780 2371 974 2417 omne
1018 2351 1195 2436 quod
1260 2355 1580 2430 tenemus,
1627 2357 1707 2416 ut
1773 2350 2047 2437 quidam
2113 2352 2215 2417 ait
2276 2350 2532 2419 Rhetor
2597 2351 2671 2417 in
2716 2352 2890 2433 suis;

778 2452 927 2520 ideo
961 2454 1224 2540 justum
1268 2458 1564 2533 autumo,
1598 2459 1693 2533 ut,
1725 2474 1907 2520 more
1935 2452 2384 2540 parvulorum,
2418 2453 2675 2541 aliquid
2717 2454 2886 2520 rith-

781 2555 1017 2621 micem
1081 2553 1165 2621 de
1239 2554 1578 2623 communi
1641 2553 1860 2633 Patre,
1929 2554 2245 2640 quoniam
2309 2554 2437 2622 etsi
2497 2560 2662 2622 nota
2730 2560 2889 2622 sunt

780 2656 975 2722 nobis
1021 2677 1170 2742 quae
1215 2655 1517 2736 dicimus,
1564 2662 1763 2723 erunt
1806 2656 2040 2743 ignota
2097 2658 2507 2743 sequacibus,
2552 2658 2687 2724 nisi
2731 2658 2890 2724 stilo

781 2763 1158 2837 exarantur,
1206 2758 1380 2825 sicut
1424 2758 1696 2845 quidam
1725 2778 1999 2824 exorsus
2030 2763 2167 2824 est:
2230 2766 2266 2796 “
2287 2757 2484 2842 Quod
2535 2758 2891 2848 loqwimmr

783 2868 819 2897 “
848 2859 1117 2941 firmasit,
1149 2860 1331 2948 quod
1357 2880 1508 2930 vero
1537 2858 1901 2929 scribimus
1927 2858 2212 2929 musnet?
2287 2858 2520 2928 Libuit
2547 2861 2894 2930 modulata

781 2961 1184 3051 compositio,
1253 2962 1311 3028 si
1385 2962 1643 3028 adesset
1715 2961 2064 3041 facundia3
2136 2961 2253 3028 sed
2319 2962 2633 3048 quoniam
2706 2962 2886 3031 haud

783 3063 902 3131 illa
963 3063 1056 3130 sit
1117 3063 1429 3130 voluntas
1503 3063 1695 3142 bona,
1766 3062 1927 3149 quia
1986 3062 2105 3130 illa
2166 3068 2269 3130 est
2342 3086 2494 3151 quae
2552 3064 2891 3132 hominem

784 3164 1161 3253 proximum
1212 3164 1374 3233 facit
1417 3165 1575 3232 Deo.
1666 3164 1909 3231 Videre
1954 3170 2181 3232 autem
2209 3164 2441 3234 videor
2483 3166 2557 3233 in
2600 3190 2709 3235 me
2752 3190 2893 3235 esse

782 3268 1185 3355 completum
1229 3267 1398 3334 illud
1444 3267 1787 3335 Scolastici
1827 3267 2129 3351 dicentiS,

1142 3390 1477 3479 Squalent
1521 3413 1694 3459 arva
1737 3390 1870 3459 soli
1905 3392 2187 3479 pulvere
2228 3392 2465 3477 mmm,

1143 3493 1374 3561 Pallet
1416 3492 1650 3561 siccus
1673 3515 1851 3580 aye‘r,
1897 3500 2085 3561 terra
2119 3493 2420 3582 patescit.

877 3618 1207 3702 Quoniam
1274 3619 1559 3706 denique
1602 3618 1812 3706 pallet
1872 3619 2217 3707 ingenium
2281 3619 2494 3697 nostri
2561 3620 2776 3688 cordis
2820 3628 2891 3687 et

784 3722 1028 3810 indago
1072 3720 1316 3787 mentis
1359 3720 1661 3788 doctrina
1719 3741 1997 3788 summae
2041 3721 2336 3789 scientiae
2382 3743 2532 3808 quae
2592 3722 2893 3810 tripartis

787 3824 1116 3890 dividitur
1158 3822 1390 3901 modis,
1435 3844 1520 3887 ex
1590 3822 1834 3909 quibus
1896 3827 2372 3890 construuntur
2416 3828 2667 3910 septem
2730 3824 2893 3890 libe-

786 3924 956 3992 rales
1016 3929 1209 4003 artes,
1257 3923 1500 3991 idcirco
1568 3944 1720 3990 cum
1764 3923 1997 3991 decore
2060 3924 2275 3990 sereni
2319 3925 2601 4011 pectoris
2664 3926 2895 4013 flagito

786 4026 1097 4115 pollentis
1155 4030 1398 4092 vestrae
1442 4024 1738 4092 scientiae
1807 4025 2085 4106 culmen,
2133 4025 2312 4113 quod
2359 4030 2462 4093 est
2527 4027 2895 4115 magnificis

788 4128 1168 4196 decoratum
1234 4131 1437 4214 atque
1497 4126 1846 4193 suffultum
1892 4127 2076 4207 actis,
2122 4131 2193 4193 et
2258 4133 2511 4214 septem
2571 4129 2896 4196 columnis

788 4234 1252 4308 sustentatum,
1316 4232 1398 4294 ut
1472 4227 1681 4295 validi
1756 4229 2092 4316 adjutores
2166 4250 2332 4296 meae
2399 4229 2632 4296 salutis
2699 4231 2893 4311 fiatis,

788 4338 1117 4422 quatenus
1158 4331 1300 4411 hoc,
1331 4330 1510 4419 quod
1557 4331 1878 4397 tremulus
1921 4331 2252 4419 incipiam,
2284 4353 2479 4420 opere
2522 4354 2716 4420 agere
2761 4334 2896 4401 Do·

838 4482 862 4506 ⁸
884 4473 1104 4528 aomina]
1131 4473 1338 4519 colentes
1359 4472 1566 4527 spiritus.
1584 4474 1750 4519 interl.
1942 4479 1963 4504 ·
1986 4472 2399 4528 mentatione]
2452 4474 2778 4528 maculatione,
2826 4475 2901 4519 ὄα-

838 4537 863 4569 b
887 4536 1218 4592 medem]
1244 4536 1525 4588 mini-true,
1541 4537 1703 4581 merc.
1893 4535 1998 4581 ma.

1568 4695 1586 4728 ¹
1619 4695 1734 4746 The
1754 4693 1873 4748 ΜΒ.
1895 4694 2116 4761 insama.
