3600 5800
1325 894 1647 945 AUCTORE
1691 894 2052 944 mommo
2609 876 2741 946 473

720 1081 1093 1147 Posuerunt
1153 1079 1392 1147 deinde
1454 1102 1691 1168 corpus
1753 1080 1986 1147 eximii
2047 1078 2348 1167 praesulis
2407 1077 2482 1143 in
2525 1076 2745 1143 medio

629 1183 932 1263 ecclesiae,
980 1183 1066 1250 ad
1111 1184 1301 1271 cujus
1345 1183 1627 1271 Vigilias
1691 1206 1892 1252 sacrae
1952 1184 2184 1251 mortis
2243 1181 2745 1248 innumerabilis

628 1286 1039 1353 confluxerat
1114 1285 1461 1353 exercitus.
1582 1284 1904 1372 Sequenti
1979 1286 2089 1351 die
2163 1290 2317 1372 post
2390 1285 2744 1350 Missarum
2769 1292 2879 1345 The
2900 1292 3046 1347 fune-

630 1386 988 1466 sollemnia,
1057 1408 1293 1474 corpus
1381 1386 1786 1475 dignissimae
1870 1386 2296 1453 tradidenmt
2368 1384 2743 1472 sepulturae‚
2767 1361 2861 1412 ¹²¹·

630 1509 828 1574 super
870 1488 1059 1576 cujus
1103 1487 1512 1557 mausoleum
1557 1488 1860 1555 mirabile
1891 1488 2106 1575 operis
2152 1508 2317 1575 opus
2362 1493 2745 1555 construxe-
2768 1497 2823 1547 A
2845 1496 3017 1549 shrine

629 1594 792 1654 runt
855 1590 1092 1656 fratres
1176 1590 1387 1676 ipsius
1453 1589 1758 1667 coenobii,
1803 1588 2159 1677 diligentes
2220 1609 2374 1654 eum
2438 1588 2514 1653 in
2580 1588 2743 1667 vita,
2767 1567 3000 1683 ffitffle

629 1694 832 1776 atque
875 1691 1277 1759 honorantes
1322 1696 1476 1778 post
1518 1696 1816 1757 mortem.
2766 1710 2938 1762 grave.

721 1794 1062 1860 Mortuum
1124 1794 1456 1862 dicimus?
1545 1793 1762 1873 Absit,
1817 1792 1935 1859 sed
1979 1793 2336 1859 viventem.
2428 1791 2629 1858 Vixit
2669 1793 2745 1858 in
2767 1804 3062 1938 30¹1?ssss

631 1917 825 1962 carne
894 1896 1178 1974 Christo,
1236 1896 1433 1974 vivit,
1512 1897 1811 1983 deposito
1873 1894 2089 1962 carnis
2155 1917 2366 1975 onere,
2436 1894 2740 1963 Domino·
2769 1937 3016 1991 offla&

632 1997 744 2063 Ita
786 1999 893 2062 vir
921 1997 1199 2063 Domini
1246 1998 1596 2064 Oswaldus
1639 1998 2040 2084 contempsit
2084 1996 2307 2063 saeculi
2352 2018 2601 2084 poenas,
2648 1997 2743 2064 sic
2765 2009 2894 2080 etate
2917 2009 3020 2059 and

631 2099 847 2164 evasit
889 2100 1256 2186 periculum
1303 2101 1542 2180 maris3
1604 2101 1976 2187 AEgyptum
2021 2099 2480 2185 pertransiens,
2526 2099 2742 2165 factus
2764 2069 2870 2122 hfe.

630 2208 732 2269 est
798 2205 1090 2271 concivis
1157 2205 1638 2291 Hierosolymae
1700 2204 2101 2272 beatissimae
2161 2205 2471 2272 civitatis,
2585 2205 2743 2272 Pro-

630 2311 862 2376 fanum
906 2312 1165 2378 hostem
1212 2318 1284 2379 et
1327 2313 1694 2379 exercitum
1740 2313 1901 2398 ejus,
1932 2313 2007 2377 in
2071 2313 2389 2379 centuriis
2434 2316 2504 2378 et
2545 2311 2745 2377 milli-

630 2414 756 2480 bus
818 2421 1307 2502 congregatum,
1354 2416 1676 2503 despexit,
1741 2416 1860 2502 qui
1924 2417 2270 2482 venenatis
2337 2414 2747 2503 piaculorum

630 2516 919 2603 spiculis,
966 2522 1036 2584 et
1080 2519 1227 2585 dira
1269 2518 1636 2584 facinorum
1698 2518 1950 2585 framea
1993 2518 2536 2586 desideraverunt
2595 2541 2748 2584 eum

628 2621 976 2686 cruentari.
1071 2621 1272 2687 Nunc
1315 2643 1515 2708 super
1546 2621 1710 2688 Sion
1762 2622 2010 2688 montis
2056 2621 2320 2689 culmen
2365 2625 2505 2687 stat
2533 2620 2749 2688 victor

629 2721 711 2788 de
755 2722 1096 2809 triumpho
1164 2728 1515 2791 coronatus
1577 2723 1864 2790 almifico
1922 2724 2130 2802 lauro,
2176 2723 2417 2811 podere
2461 2723 2746 2790 vestitus

626 2825 904 2912 egregiO.
1017 2824 1211 2891 Vidit
1274 2825 1555 2914 insignis
1623 2825 1969 2893 obtutibus
2027 2826 2347 2914 gaudium
2422 2825 2599 2912 quod
2674 2824 2748 2891 in

628 2949 740 2995 cor
768 2949 904 2994 non
933 2928 1243 2996 ascendet
1270 2928 1550 2995 humani
1596 2929 1826 2996 cordis.
1919 2928 2148 2994 Habet
2192 2929 2370 3015 quod
2416 2928 2746 3014 quaesivit.

630 3029 959 3111 Quaesivit
1005 3036 1075 3098 et
1117 3030 1397 3098 invenit.
1491 3031 1766 3097 Invenit
1806 3031 2103 3117 requiem
2133 3031 2376 3096 animae
2407 3051 2563 3109 suae,
2593 3031 2746 3097 ideo

626 3132 1052 3217 gaudendum
1111 3138 1215 3198 est
1288 3137 1544 3199 cunctae
1605 3133 1876 3198 familiae
1944 3153 2143 3217 quam
2204 3132 2455 3197 mundo
2511 3132 2750 3218 guber-

628 3234 838 3311 navit,
869 3234 1236 3318 praesertim
1266 3233 1401 3298 illis
1433 3255 1597 3319 quos
1627 3233 1994 3298 enutrierat
2016 3233 2401 3319 Apostolica
2432 3232 2748 3311 doctrina,

628 3337 698 3396 et
728 3332 1040 3399 docuerat
1070 3354 1296 3399 omnes
1328 3332 1692 3400 Catholicae
1723 3333 1881 3399 fidei
1912 3339 2337 3399 sacramenta.
2388 3332 2750 3399 Obsecran-

631 3434 756 3499 dus
824 3437 927 3500 est
969 3439 1050 3499 ut
1093 3456 1281 3521 prece
1326 3434 1530 3501 faciat
1589 3435 1765 3521 quod
1835 3456 2000 3520 grex
2061 3434 2355 3521 gaudens
2418 3440 2750 3521 sequatur,

630 3557 763 3621 quo
807 3534 974 3600 felix
1016 3534 1262 3622 praesul
1307 3537 1659 3622 praecessit.
1755 3536 2211 3624 Epitaphium,
2257 3536 2435 3622 quod
2479 3537 2750 3623 quidam

630 3661 715 3704 ex
758 3637 1002 3703 nostris
1046 3637 1366 3705 fiatribus
1412 3637 1640 3717 edidit,
1686 3637 1814 3704 hoc
1863 3637 1938 3702 in
1982 3637 2124 3704 loco
2168 3637 2336 3704 libet
2378 3638 2679 3706 inserere.

722 3770 1184 3857 Conspicumn
1225 3771 1469 3838 retinet
1515 3770 1787 3838 bustum
1830 3771 2277 3839 mwwwramda
2311 3795 2440 3861 per
2484 3794 2703 3842 oevum
2769 3793 2868 3846 His
2891 3795 2996 3861 epi.

806 3872 1116 3940 Membra
1160 3872 1379 3939 locata
1413 3873 1661 3960 patris,
1701 3872 2028 3959 praesulis
2072 3873 2316 3941 emmo:
2767 3862 2890 3926 ¹²⁸²1>¹¹
2912 3862 3048 3913 writ-

725 3974 1077 4056 Oswaldi;
1121 3974 1389 4042 meritis
1432 3976 1634 4042 vivax
1677 3981 1735 4041 et
1772 3980 2032 4062 pectore
2071 3997 2342 4062 quaa-us
2767 3931 3013 4046 3133&

811 4076 951 4159 Qui
980 4076 1151 4164 fuit,
1196 4082 1258 4143 et
1301 4077 1520 4144 cultor
1563 4076 1781 4144 esculis
1827 4083 1886 4143 et
1927 4077 2183 4143 miseri.
2769 4061 3008 4128 RQ·

716 4178 1110 4246 Psalmicen
1156 4178 1480 4247 assiduus
1523 4201 1670 4246 ‘non
1711 4186 1991 4246 noverat
2035 4179 2180 4247 otia
2215 4181 2477 4268 plectri,

808 4280 928 4349 Ad
969 4281 1187 4349 vitam
1221 4303 1619 4369 properans,
1668 4288 1907 4349 sancta
1951 4302 2201 4349 canens
2245 4283 2430 4364 olym,

719 4383 798 4449 N
792 4405 1060 4452 ormam
1102 4391 1383 4451 sectatus
1431 4382 1701 4462 christi,
1753 4382 1893 4466 Qui
1937 4383 2110 4450 lavit
2152 4384 2467 4454 alumnis

807 4485 1118 4564 Plantas,
1164 4486 1271 4553 hic
1317 4485 1528 4554 etiam
1570 4485 1830 4553 laverat
1872 4484 2016 4573 ‘ipse
2060 4487 2223 4554 swis.

716 4589 942 4657 Illum
983 4596 1148 4656 tunc
1190 4588 1451 4676 rapwit,
1499 4609 1699 4675 quem
1741 4610 2115 4675 nunquam
2151 4597 2411 4676 pectore
2451 4592 2716 4682 sprevit,

813 4691 1076 4779 Septem
1118 4712 1276 4758 cwm
1316 4690 1652 4778 madibus
1694 4689 2036 4777 explicitis
2080 4690 2269 4758 abidt.

723 4794 971 4862 Finem
1012 4815 1171 4860 cwm
1214 4815 1362 4860 ense
1408 4792 1719 4860 brevians
1761 4793 2002 4860 ‘mortis
2045 4814 2303 4882 quoque
2329 4794 2482 4881 fime

811 4897 1043 4967 Astris
1077 4896 1246 4987 plus
1290 4895 1594 4964 rutilmn
1635 4895 1852 4964 vivere
1880 4893 2079 4984 facta
2120 4905 2398 4967 canunt.
