3600 5800
1085 900 1499 965 offoRAvs’s
1542 916 1701 964 urs
1745 916 1835 964 or
1879 915 2193 965 waram.
2574 894 2702 964 507

592 1101 977 1167 Bardeneiae
1021 1101 1277 1179 abbate,
1309 1100 1666 1168 honorifice
1709 1108 2052 1189 susceptus
2096 1108 2212 1169 est.
2307 1101 2702 1168 Ethelredus

592 1191 772 1255 enim
807 1199 1062 1255 accitum
1087 1197 1434 1264 Oonredum‚
1462 1217 1635 1272 quem
1658 1217 1765 1271 pro
1799 1217 1863 1256 se
1897 1217 2100 1272 regem
2137 1203 2370 1266 fecerat,
2396 1192 2705 1259 hortatur
2726 1203 2963 1264 Eadmer,

594 1302 747 1344 eum
791 1292 860 1342 ut
894 1303 1126 1342 servum
1162 1285 1401 1340 Domini
1436 1304 1506 1342 ex
1551 1285 1748 1342 animo
1785 1305 2017 1360 semper
2041 1289 2278 1353 coleret,
2307 1285 2374 1346 et
2405 1289 2701 1363 diligeret,
2729 1286 2840 1336 αιΡ·
2868 1272 2904 1319 ¹·

592 1389 671 1435 ac
713 1379 957 1441 foveret,
996 1380 1059 1429 et
1107 1378 1310 1430 contra
1344 1390 1543 1431 omnes
1585 1375 1949 1431 adversarios
1984 1374 2307 1433 indefessus
2342 1378 2399 1433 ei
2448 1396 2704 1451 propug-

591 1460 761 1513 nator
796 1455 1085 1511 existeret.
2406 1488 2411 1492 -

662 1546 930 1603 Alfridus
975 1542 1201 1602 autem
1244 1562 1366 1609 rein
1407 1544 1748 1616 ambagibus
1796 1543 2145 1616 quibusdam
2182 1545 2445 1618 objectis,
2482 1550 2703 1606 niteba·
2784 1553 2796 1565 '

590 1634 690 1683 tur
724 1625 1032 1682 ostendere
1067 1626 1182 1683 sibi
1215 1625 1447 1699 penitus
1484 1643 1603 1680 non
1639 1642 1762 1680 esse
1811 1625 2088 1696 possibile
2137 1626 2295 1698 quod
2331 1628 2704 1700 praecipieba-
2728 1621 2801 1670 Al
2889 1621 2981 1672 “1⁹⁸

590 1716 696 1767 tur
732 1709 985 1781 explere.
1056 1712 1284 1769 Verum
1339 1713 1566 1765 secreta
1600 1708 1867 1763 cordium
1923 1707 2037 1763 Dei
2072 1710 2361 1780 sapientia
2413 1718 2700 1779 scrutans,
2728 1687 2896 1738 death.

591 1790 924 1860 nequitiam
994 1789 1122 1862 ejus
1177 1781 1605 1857 examinavit,
1663 1784 1737 1844 et
1806 1804 2018 1858 corpus
2076 1788 2239 1844 illius
2299 1791 2422 1845 acri
2483 1791 2702 1847 doloris

591 1869 1050 1936 molestatione
1095 1881 1181 1937 sic
1217 1880 1562 1946 debilitavit,
1600 1884 1669 1934 ut
1697 1867 1996 1934 omnium
2040 1868 2482 1935 membrorum
2517 1879 2705 1936 officio

591 1968 1027 2028 destituereturl
1112 1973 1226 2042 Qui
1262 1991 1398 2029 cum
1433 1989 1494 2028 se
1530 1970 1684 2026 mori
1708 1975 2106 2041 cognosceret,
2133 1970 2420 2026 adhibitis
2456 1972 2704 2028 testibus

593 2056 890 2128 promisit,
929 2056 1088 2127 quod
1121 2057 1173 2111 si
1208 2057 1369 2113 Deus
1425 2056 1541 2112 sibi
1575 2055 1764 2111 vitam
1811 2053 2174 2119 concederet,
2211 2060 2274 2109 et
2319 2054 2500 2126 jussis
2546 2055 2704 2127 Apo-

591 2149 816 2204 stolicis
850 2140 1162 2218 obediret,
1198 2155 1261 2204 et
1293 2147 1571 2209 wilfrido
1605 2146 1767 2202 omni
1800 2151 2067 2217 tempore
2111 2138 2460 2205 inclinaret
2504 2162 2589 2218 se,
2636 2146 2705 2206 et

591 2250 746 2295 eum
791 2229 1110 2316 diligeret.
1207 2235 1325 2292 Sed
1372 2236 1503 2308 ipse
1538 2234 1778 2308 quidem
1829 2250 1865 2288 a
1899 2235 2024 2289 vita
2074 2236 2335 2301 recessit,
2375 2243 2437 2293 et
2488 2237 2704 2293 Eadul-

590 2327 746 2399 phus
796 2327 1046 2397 quidam·
1069 2326 1135 2380 in
1170 2341 1420 2395 regnum
1456 2322 1749 2386 successit,
1789 2313 1907 2399 qui
1950 2315 2207 2380 nuntiis
2237 2315 2531 2381 wilfridi
2576 2317 2705 2381 Sibi

589 2406 808 2471 missis
851 2406 952 2473 ita
993 2405 1369 2492 respondit:
1433 2415 1472 2440 “
1499 2412 1615 2467 Per
1647 2411 1902 2476 meam‚’'
1950 2412 2168 2483 inquit,
2229 2413 2537 2469 “salutem
2565 2414 2704 2486 juro

592 2506 632 2534 “
673 2504 812 2575 quia
844 2504 959 2560 nisi
1009 2503 1164 2559 infra
1213 2500 1408 2573 spatia
1442 2518 1540 2556 sex
1593 2499 1824 2554 dierum
1860 2513 1902 2556 a
1938 2516 2123 2569 regno
2158 2516 2291 2556 meo
2341 2501 2700 2567 discesserit,

593 2585 634 2611 ‘⁴
675 2600 1052 2664 quoscunque
1103 2582 1174 2637 de
1210 2583 1333 2638 suis
1386 2580 1655 2636 invenire
1703 2583 1931 2651 potero,
1969 2580 2097 2635 vita
2144 2580 2446 2652 privabo.”
2521 2583 2705 2639 Facta

591 2660 817 2720 autem
852 2672 1055 2723 contra
1087 2675 1308 2739 regem
1344 2660 1471 2731 conj
1479 2660 1767 2725 aratione,
1804 2677 1988 2731 regno
2023 2659 2182 2731 quod
2216 2660 2443 2717 duobus
2487 2661 2701 2717 mensi-

589 2752 700 2808 bus
733 2753 926 2809 tenuit
957 2743 1326 2828 depellitur.

661 2845 804 2902 Post
840 2863 1015 2918 quem
1049 2848 1333 2917 regnante
1358 2839 1581 2899 Osredo
1617 2839 1741 2895 filio
1775 2838 2018 2908 Alfi-idi,
2057 2842 2367 2899 wilfridus
2403 2842 2468 2898 in
2505 2844 2702 2902 sedem
2726 2850 2964 2913 Eadmer,

588 2947 753 2986 suam
790 2935 1059 3002 receptus
1098 2934 1210 2986 est.
1273 2927 1457 3000 Cujus
1494 2926 1773 2981 familiari
1812 2925 2075 2982 amicitia
2106 2943 2211 2983 rex
2245 2945 2462 2999 magno
2486 2930 2703 2984 affectu
2727 2933 2837 2982 ⁰⁸1>-
2861 2919 2915 2968 li·

588 3024 909 3095 copulatus,
962 3040 1070 3094 per
1119 3019 1340 3080 totum
1385 3032 1666 3097 regnum
1710 3020 2009 3091 praecepit,
2049 3021 2330 3089 quatinus
2364 3039 2539 3078 nemo
2575 3022 2665 3077 illi
2684 3026 2701 3059 ¹
2726 2995 3040 3113 Wesslgffinhffl

587 3109 652 3165 in
689 3125 1076 3189 quoeunque
1120 3110 1358 3181 negotio
1411 3107 1760 3170 contrairet3
1815 3103 1918 3161 sed
1954 3104 2109 3160 sicut
2162 3106 2382 3162 famulo
2435 3107 2548 3164 Dei
2594 3126 2701 3179 per
2725 3079 2816 3179 ger
2840 3129 3021 3180 Osred·

588 3198 785 3252 omnia
820 3215 1021 3254 omnes
1057 3198 1378 3252 obedirent.
1452 3186 1542 3249 Et
1576 3194 1799 3247 factum
1836 3195 1927 3246 est
1958 3183 2072 3248 ita.

678 3288 1053 3355 Transactis
1083 3293 1308 3354 autem
1353 3291 1638 3372 quatuor
1667 3283 1877 3359 annJ'S,
1912 3292 2083 3361 gravi
2118 3293 2381 3364 corporis
2416 3295 2698 3366 languore
2723 3305 2882 3364 Idem,

586 3394 854 3455 sanetus
929 3389 1271 3475 episeopus
1346 3395 1665 3458 invaditur,
1719 3396 1782 3447 et
1839 3390 2124 3461 fatigatus
2181 3392 2336 3448 lecto
2391 3394 2697 3467 recipitur.
2725 3370 2945 3500 ῧςέἐὲ,

585 3489 869 3556 Difficile
914 3496 1016 3556 est
1060 3492 1239 3556 enim
1281 3490 1569 3577 proferre
1613 3501 1757 3569 quot
1811 3493 2030 3548 infirmi
2064 3509 2173 3564 per
2209 3509 2343 3549 enm
2396 3493 2697 3551 infirmum
2722 3516 2825 3567 lm
2844 3467 3034 3569 mugga,

587 3592 709 3648 sint
768 3592 842 3646 ab
910 3592 1072 3647 omni
1129 3591 1474 3647 infirmitate
1548 3587 1760 3652 sanati,
1825 3589 1968 3657 quot
2029 3584 2379 3640 daemoniaci
2436 3586 2693 3654 liberati,

585 3675 894 3748 paralytici
940 3675 1196 3741 solidati,
1232 3676 1375 3754 caeci
1409 3672 1747 3737 illuminati,
1783 3669 1950 3727 surdi
1984 3669 2251 3740 mutique
2305 3672 2515 3737 curati,
2555 3678 2699 3744 quot

585 3760 717 3816 aliis
769 3758 1201 3815 calamitatibus
1253 3759 1475 3826 afflicti,
1513 3760 1792 3830 operante
1841 3755 1986 3819 Deo,
2042 3771 2148 3825 per
2199 3770 2336 3809 eum
2388 3758 2696 3828 magnifice

585 3844 794 3911 saluti
837 3843 1153 3909 restituti.

678 3945 1110 4032 Congregatis
1141 3945 1411 4011 tandem
1454 3945 1771 4010 fratribus
1803 3941 1917 4017 ait,
1953 3949 1992 3977 “
2012 3949 2217 4007 Gratia
2252 3954 2455 4011 Divini
2479 3956 2694 4013 amoris
2717 3959 2880 4027 Idem,
2904 3981 3016 4030 cap.

590 4049 630 4075 “
665 4049 733 4099 ut
768 4045 832 4099 in
866 4043 1033 4100 vobis
1080 4043 1308 4115 jugiter
1356 4050 1607 4109 maneat,
1663 4043 1877 4098 fratres
1928 4029 2261 4111 carissimi,
2299 4048 2427 4099 tota
2471 4044 2694 4101 virtute
2717 4031 2813 4081 ῙῙῘῙ·
2946 4108 2959 4121 ‚

588 4127 626 4153 “
665 4141 905 4196 operam
938 4122 1089 4179 date.
1153 4123 1337 4192 Quam
1362 4123 1614 4195 gratiam
1637 4128 1704 4178 ut
1737 4119 1992 4176 feliciter
2015 4123 2297 4177 mereami
2325 4124 2605 4191 obtinere,
2628 4126 2694 4181 in
2718 4109 3034 4176 H¹⁸P⁸rt¹¹³8

589 4206 628 4232 “
662 4205 1008 4259 fraternum
1053 4209 1343 4260 amorem
1386 4196 1459 4259 in
1503 4216 1728 4260 omnes
1790 4193 2063 4257 studiose
2113 4219 2383 4260 exercere
2433 4207 2688 4271 studete,
2719 4177 2942 4227 ‘adrem’

588 4295 627 4322 “
665 4283 844 4348 Nihil
881 4283 971 4348 sit
1016 4284 1193 4370 quod
1236 4310 1340 4348 vos
1391 4310 1428 4348 a
1477 4293 1725 4348 caritate
1775 4290 2034 4352 seducat,
2087 4308 2165 4344 ne
2213 4293 2288 4347 ab
2343 4310 2413 4348 ea
2463 4312 2596 4366 quae
2631 4295 2694 4349 in

588 4374 628 4401 “
666 4372 901 4428 Christo
960 4377 1049 4429 est
1096 4372 1430 4430 sinceritate
1488 4371 1729 4427 cadatis.
1815 4370 2070 4436 Maligni
2114 4371 2493 4439 insidiatoris,
2550 4391 2694 4445 quos

587 4455 625 4482 “
663 4452 937 4508 fidelibus
972 4453 1206 4521 tendit,³¹
1240 4444 1508 4529 laqueos
1538 4444 1785 4525 nostis;
1831 4466 1980 4530 quae
2011 4454 2311 4526 figmenta,
2340 4456 2495 4510 sicut
2529 4472 2565 4510 a
2598 4474 2694 4511 me

586 4539 621 4566 “
665 4532 905 4618 saepius
937 4541 1203 4608 audistis,
1231 4540 1392 4596 omni
1416 4541 1813 4598 sollicitudine
1837 4547 2056 4609 cavete,
2082 4553 2161 4608 et,
2185 4548 2365 4614 prout
2386 4560 2482 4598 me
2504 4544 2696 4600 facere

654 4758 669 4789 ¹
739 4757 849 4825 illi]
884 4759 947 4810 E.
982 4759 1076 4820 O.;
1113 4762 1292 4809 sancto
1331 4756 1593 4821 episcopo,
1753 4754 1776 4787 ²
1809 4755 1989 4822 tendit]
2029 4756 2144 4809 Om.
2167 4758 2231 4810 O.

588 4839 776 4904 Capgr.
