3600 5800
1340 901 1505 950 vna
1550 901 1599 949 S.
1648 898 1992 949 WILFRIDI.
2578 876 2708 947 479

608 1086 794 1156 gradu
847 1083 1154 1141 sacerdotii
1215 1083 1678 1140 consecrandum.
1786 1081 1917 1152 Quo
1973 1099 2109 1139 cum
2167 1078 2287 1136 suis
2335 1076 2592 1144 veniens,
2653 1081 2713 1132 et

610 1177 853 1232 eandem
900 1176 1096 1232 sedem
1151 1179 1381 1247 pastore
1429 1174 1726 1231 viduatam
1776 1173 2096 1240 inveniens,
2144 1173 2283 1228 inde
2330 1171 2591 1236 divertit,
2643 1166 2713 1226 et

608 1269 953 1340 praedictum
986 1268 1159 1325 Wine
1197 1268 1534 1340 episcopum
1581 1266 1747 1332 adiit,
1789 1261 1859 1322 et
1905 1268 1973 1319 ut
2019 1264 2317 1336 episcopus
2353 1262 2426 1317 ab
2462 1279 2529 1317 eo
2577 1276 2711 1316 eon-

607 1361 930 1412 secraretur
966 1354 1235 1411 obtinuit.
1330 1355 1663 1426 Assumptis
1698 1345 1907 1432 igitur
1941 1354 2163 1410 duobus
2199 1354 2270 1408 de
2306 1359 2480 1423 gente
2517 1351 2710 1406 Brito-

606 1465 751 1502 num
775 1446 1073 1519 episcopis,
1101 1446 1203 1518 qui
1237 1451 1439 1501 contra
1476 1446 1621 1501 scita
1654 1462 1944 1510 canonum
1966 1448 2132 1500 erant
2166 1443 2439 1509 ordinati,
2465 1441 2713 1498 eundem

607 1530 897 1587 ceaddam
956 1530 1086 1604 pari
1131 1529 1305 1586 modo
1350 1529 1677 1585 inordinate
1725 1527 2034 1585 ordinavit.
2146 1525 2462 1583 ordinatus
2515 1529 2712 1581 autem

609 1614 958 1673 Eboracensi
992 1613 1250 1672 ecclesiae
1285 1614 1561 1686 praelatus
1595 1618 1697 1670 est.

1263 1823 1681 1891 CAPITULUM
1726 1821 2066 1888 TERTIUM.

699 1983 945 2050 Beatus
969 1981 1318 2048 Wilfridus
1349 1981 1431 2048 de
1461 1982 1764 2068 partibus
1793 1978 2253 2046 transmarinis
2282 1977 2370 2044 ad
2399 1976 2712 2064 Angliam

609 2108 923 2168 reversus,
982 2085 1276 2153 Ceddam
1352 2085 1796 2150 venerabilem
1873 2082 2270 2170 praedictum
2345 2081 2418 2144 in
2494 2080 2715 2146 sedem

608 2208 796 2251 suam
842 2186 1422 2254 subintroductum
1474 2186 1753 2251 invenit.
1882 2184 2300 2270 Quapropter
2359 2184 2435 2247 in
2478 2181 2716 2268 Rippis

609 2288 786 2355 inter
828 2287 1181 2355 monachos
1243 2309 1395 2354 suos
1454 2288 1669 2354 tribus
1729 2286 1923 2353 annis
1982 2284 2326 2351 humiliter
2385 2283 2715 2361 habitans,

610 2392 915 2476 quamvis
983 2391 1206 2458 sedem
1268 2390 1708 2478 episcopalem
1769 2410 1908 2456 non
1969 2388 2262 2467 haberet,
2326 2387 2402 2452 in
2456 2385 2716 2465 cantia,

610 2498 775 2560 tunc
833 2493 985 2560 sede
1047 2498 1344 2572 vacante,
1405 2515 1448 2559 a
1507 2515 1661 2581 rege
1725 2493 2015 2580 Egberto
2080 2495 2372 2568 vocatus,
2438 2494 2509 2556 et
2568 2489 2718 2554 ubi-

609 2617 869 2682 cunque
914 2597 1012 2662 ire
1055 2596 1424 2683 petebatur,
1456 2595 1820 2683 episcopale
1868 2594 2153 2661 officium
2194 2592 2506 2660 exercuit.
2585 2590 2719 2658 Sed

609 2703 842 2785 postea
905 2700 996 2765 ad
1070 2700 1464 2778 instantiam
1528 2698 1857 2765 Theodori
1927 2696 2428 2765 cantuariensis
2502 2694 2717 2762 archi-

611 2801 919 2888 episcopi,
963 2801 1194 2869 Cedda
1235 2807 1557 2888 tanquam
1616 2822 1752 2867 non
1813 2802 1941 2867 rite
1988 2800 2333 2867 ordinatus
2392 2800 2602 2879 cessit,
2650 2803 2721 2864 et

608 2903 959 2972 Wilfridus
1002 2905 1446 2974 intronizatus
1491 2905 1944 2992 episcopatum
1989 2926 2185 2972 suum
2232 2903 2537 2990 suscepit.

703 3030 915 3112 Quem
961 3053 1113 3098 cum
1157 3036 1425 3097 strenue
1473 3029 1678 3096 verbo
1731 3034 1802 3095 et
1845 3030 2148 3116 exemplo
2211 3031 2482 3114 regeret,
2520 3034 2720 3091 Omni-
2744 3046 2984 3125 namsi,

609 3137 815 3203 potens
873 3130 1052 3198 Deus,
1101 3137 1171 3188 ut
1227 3133 1440 3187 merita
1490 3131 1697 3186 famuli
1754 3130 1860 3185 Sui
1908 3131 2111 3202 quanti
2165 3128 2444 3201 penderet
2500 3127 2718 3183 mundo
2743 3129 2854 3180 0²²1)-
2878 3129 2987 3164 ¹¹¹·

613 3214 1049 3278 demonstraret,
1090 3232 1261 3285 quem
1309 3214 1673 3269 internarum
1720 3212 1851 3267 luce
1884 3213 2172 3267 virtutum
2219 3211 2408 3283 primo
2443 3209 2717 3282 perfudit,

610 3296 790 3349 etiam
850 3296 1202 3350 exteriorum
1273 3295 1628 3350 exhibitione
1698 3294 2113 3350 miraculorum
2188 3293 2455 3348 decorare
2512 3293 2716 3349 voluit.

609 3378 768 3433 Hinc
803 3383 908 3444 est,
950 3377 1103 3449 quod
1151 3378 1245 3434 die
1282 3377 1531 3448 quadam
1579 3395 1714 3432 cum
1762 3376 1920 3432 idem
1955 3376 2304 3432 venerabilis
2352 3381 2551 3448 pastor
2585 3393 2721 3432 oves

613 3460 726 3515 Dei
772 3460 963 3516 verbis
1011 3464 1070 3515 et
1117 3459 1252 3514 fidei
1307 3458 1679 3515 sacramentis
1726 3458 2032 3525 imbueret,
2083 3463 2144 3513 et
2189 3457 2431 3530 antiquo
2477 3458 2722 3514 humani
2742 3461 2921 3515 Baises
2943 3478 2975 3515 a

611 3543 840 3614 generis
887 3543 1044 3597 hosti
1091 3542 1153 3596 in
1202 3541 1285 3598 eis
1325 3540 1424 3613 jus
1475 3540 1813 3596 dominandi
1873 3540 2142 3606 auferret,
2196 3545 2371 3612 atque
2416 3558 2520 3612 per
2572 3540 2723 3597 sacri
2744 3531 2876 3582 ‘1²²⁶
2897 3530 3052 3582 child·

609 3624 899 3681 crismatis
937 3625 1272 3680 unctionem
1321 3624 1674 3696 septiformis
1708 3623 1914 3695 gratim
1949 3623 2221 3695 spiritum
2252 3623 2379 3695 jam
2411 3624 2719 3696 baptizatis

607 3711 881 3777 traderet,
919 3728 1052 3766 ecce
1098 3728 1202 3782 per
1248 3710 1460 3767 effusas
1508 3715 1731 3765 turmas
1780 3709 1992 3765 mulier
2031 3707 2215 3764 nimio
2263 3708 2460 3765 dolore
2507 3710 2721 3766 afflicta

607 3795 875 3850 ministro
901 3793 1013 3849 Dei
1035 3793 1304 3861 occurrit,
1331 3798 1391 3849 et
1415 3791 1702 3849 defunctas
1725 3793 1933 3849 funera
1965 3791 2147 3864 prolis
2178 3791 2494 3848 miserabili
2518 3793 2719 3866 depor-

606 3878 828 3933 tatione
863 3878 929 3932 in
963 3877 1121 3932 ulnis
1159 3882 1472 3933 ostentans.
1572 3876 1697 3945 Quo
1719 3876 1846 3932 viso
1881 3881 2046 3948 pater
2081 3875 2395 3947 obstupuit,
2434 3875 2720 3948 haesitque

606 3960 776 4027 1000,
761 3983 775 3997 ·
841 3961 1263 4057 paululumque
1309 3960 1384 4016 ab
1431 3959 1650 4032 incepti
1697 3959 1889 4032 operis
1949 3958 2274 4015 ministerio
2312 3978 2374 4015 se
2420 3960 2717 4015 cohibenti

607 4044 811 4099 orbata
861 4044 1076 4100 mulier
1109 4044 1230 4099 acri
1277 4043 1492 4099 doloris
1537 4043 1840 4099 nimietate
1880 4043 2116 4099 turbata
2162 4042 2399 4153 pronior
2431 4043 2715 4111 incubuit,

605 4128 944 4201 gemituque
977 4127 1295 4200 praepedita
1322 4128 1422 4184 vix
1456 4127 1522 4183 in
1554 4128 1682 4184 haec
1712 4127 1889 4183 verba
1911 4127 2133 4199 erupit·
2175 4126 2385 4193 “Em”
2422 4126 2718 4198 inquiens,
2738 4194 2745 4203 ,

632 4212 833 4268 ‘bone
869 4211 1123 4279 domine,
1160 4229 1333 4284 quem
1368 4212 1444 4266 ad
1491 4211 1925 4284 impositionem
1972 4229 2179 4289 manus
2217 4216 2336 4267 tuae
2374 4212 2718 4268 conflrman-

609 4297 647 4322 “
685 4295 827 4351 dum
863 4297 929 4351 in
968 4295 1200 4352 Christo
1234 4301 1465 4368 portare
1503 4295 1890 4361 decreveram,
1922 4297 2049 4366 jam
2084 4313 2201 4352 non
2243 4296 2435 4352 solum
2476 4295 2553 4352 ad
2586 4313 2722 4352 con-

606 4378 647 4404 “
685 4377 1055 4443 firmandum,
1094 4396 1299 4434 verum
1349 4378 1539 4448 primo
1589 4378 1665 4433 ad
1709 4377 2173 4434 resuscitandum
2222 4394 2258 4432 a
2298 4378 2562 4445 mortuis,
2598 4382 2719 4434 tuae

607 4463 646 4489 ‘⁸
685 4466 901 4517 sanctae
951 4461 1157 4533 pietati
1203 4462 1433 4534 piaeque
1483 4460 1780 4517 sanctitati
1830 4465 2089 4533 apperte.
2132 4515 2135 4520 ,
2196 4460 2496 4517 Christum
2548 4466 2718 4518 tuum

606 4545 648 4572 “
685 4544 938 4616 praedica
974 4545 1455 4617 omnipotentem,
1483 4543 1639 4617 quod
1675 4561 1876 4616 precor
1910 4543 2179 4616 operibus
2213 4546 2412 4617 proba,
2438 4549 2498 4600 et
2521 4563 2717 4601 meum

606 4638 648 4667 “
684 4656 721 4693 a
773 4644 961 4696 morte
993 4639 1204 4719 -filium
1256 4638 1631 4711 unigenitum
1680 4636 1956 4695 suscita.''
2082 4627 2293 4716 Cujus
2357 4630 2717 4717 lachrymis

603 4732 711 4800 vir
755 4733 885 4801 Dei
930 4755 1324 4822 compassus,
1356 4733 1723 4801 orationem
1766 4754 1919 4801 cum
1963 4731 2322 4820 lachrymis
2366 4735 2455 4802 ad
2498 4734 2717 4802 Deum
