3600 5800
1320 918 1623 967 Erlscom
1672 914 2147 965 EBoRAcENfflS.
2498 983 2503 987 ⁹
2654 898 2777 961 281

787 1160 1259 1248 [Scholasticus
1302 1157 1593 1246 quidam
1635 1180 1682 1224 α
1726 1156 2019 1225 libanino
2062 1156 2294 1224 carnis
2337 1155 2671 1240 curatur]

768 1330 1051 1396 Sanctus
1119 1335 1188 1394 et
1248 1327 1581 1415 praecipua
1648 1326 2071 1392 veneratione
2156 1326 2397 1413 dignus
2460 1327 2786 1393 confessor

675 1432 803 1497 iste
848 1432 893 1497 J
895 1432 1201 1508 ohanneS,
1247 1451 1385 1496 non
1429 1429 1641 1496 solum
1689 1430 2034 1496 exterioris
2093 1429 2379 1495 hominis
2424 1431 2740 1515 quaelibet
2761 1427 2785 1467 ¹

676 1533 1151 1600 imbecillitatis
1213 1532 1639 1608 incommoda,
1702 1538 1771 1597 et
1837 1532 2246 1597 diversarum
2313 1532 2785 1617 aegritudinum

676 1655 934 1721 genera,
1009 1633 1260 1698 Divino
1336 1631 1706 1718 depellebat
1779 1631 2216 1711 adminicu103
2290 1653 2521 1696 verum
2584 1632 2785 1697 etiam
2807 1641 3044 1723 Apothet-

678 1736 1071 1822 quibusdam
1090 1735 1132 1813 Β,
1167 1735 1502 1801 mentibus
1570 1734 1908 1800 diabolicae
1971 1733 2476 1800 machinationis
2536 1734 2785 1801 illusio·
2808 1709 3033 1760 mmcle.

677 1837 874 1902 nibus
920 1838 1303 1924 compressis
1348 1842 1417 1902 et
1460 1836 1726 1922 penitus
1758 1835 2084 1927 desolatis,
2117 1835 2435 1901 malitiosi
2470 1837 2785 1902 daemonis

599 2014 612 2025 ,
678 1941 1059 2027 propulsata
1104 1941 1414 2016 versutia,
1469 1939 1600 2024 piae
1661 1937 2125 2004 consolationis
2184 1938 2474 2003 remedia
2516 1938 2786 2024 pietatis

678 2046 933 2107 amator
979 2041 1417 2127 impendebat.
1530 2040 1632 2104 De
1676 2038 1907 2104 multis
1967 2039 2175 2125 igitur
2217 2061 2426 2103 unum
2471 2040 2786 2125 produca-

680 2164 828 2206 mus
895 2143 967 2206 in
1030 2142 1337 2218 medium,
1402 2140 1661 2228 praefati
1724 2136 2056 2226 pontificis
2121 2162 2242 2226 ope
2307 2140 2698 2206 mirabiliter
2748 2164 2790 2209 a

681 2246 1097 2312 daemoniacae
1160 2246 1597 2332 perversionis
1659 2245 1916 2311 artibus
1937 2242 1963 2285 ³
2027 2245 2421 2326 liberatum3
2485 2251 2552 2312 et
2613 2247 2789 2331 quod

679 2347 766 2415 ab
810 2350 952 2435 ejus
1017 2370 1126 2413 ore
1193 2349 1495 2415 veredice
1512 2348 1540 2387 ⁴
1606 2349 1848 2434 saepius
1911 2350 2294 2435 accepimus,
2364 2349 2451 2414 ad
2525 2349 2789 2415 laudem

680 2450 809 2516 Dei
857 2450 1363 2537 omnipotentis,
1396 2455 1465 2516 et
1493 2450 1580 2515 ad
1624 2450 2005 2516 memoriam
2038 2450 2267 2517 Sancti
2313 2450 2452 2530 Sui,
2483 2451 2789 2521 reducere

681 2558 1073 2639 satagamus,
1715 2558 1724 2569 ’

772 2653 1216 2721 Scholasticus
1307 2652 1577 2738 quidam
1653 2652 1949 2739 ejusdem
2038 2654 2353 2740 temporis
2438 2654 2790 2747 intervallo
2812 2668 2869 2720 A
2890 2669 3092 2748 scholar

680 2755 1108 2822 Beverlacum
1159 2756 1380 2842 petiit,
1425 2757 1695 2842 cupiens
1754 2755 2019 2834 ibidem,
2066 2757 2376 2842 quoniam
2436 2756 2617 2823 locus
2676 2758 2790 2824 ille
2810 2737 2958 2854 {2ss
2979 2737 3078 2787 Be-
3164 2786 3171 2791 ¹

678 2858 1057 2929 clericorum
1102 2861 1484 2928 abundabat
1537 2861 1739 2948 copia,
1786 2860 2189 2929 scholasticae
2234 2861 2599 2949 disciplinae
2644 2868 2782 2929 stu·
2811 2870 2923 2921 The
2946 2819 3124 2950 {611901

683 2965 866 3029 dium
897 2985 1159 3051 regere:
1206 2964 1320 3049 qui
1367 2963 1669 3030 unanimi
1700 2964 2051 3030 devotione
2081 2986 2124 3030 a
2166 2965 2458 3051 praelatis
2489 2966 2781 3052 ejusdem
2808 2939 2913 2989 ’Μ
2933 2936 3091 2990 ‘'¹¹⁰¹‘’

682 3066 968 3133 ecclesiae
1012 3070 1354 3152 susceptus
1399 3070 1514 3130 est.
1608 3063 1789 3131 Hinc
1811 3065 1836 3104 ⁵
1889 3067 2201 3152 quoniam
2246 3068 2614 3134 literatoria
2642 3069 2785 3154 pol-

681 3167 860 3234 lebat
907 3168 1268 3253 disciplina,
1313 3166 1472 3233 hinc
1492 3165 1522 3205 ⁰
1565 3167 1724 3251 quia
1773 3189 2030 3232 morum
2090 3167 2436 3235 honestate
2479 3171 2787 3236 nobilita-

679 3270 894 3346 batur,
940 3268 1191 3354 placuit
1234 3288 1392 3332 mox
1437 3267 1743 3332 omnibus
1787 3268 1966 3333 illius
2006 3271 2430 3346 conversatio,
2478 3272 2789 3355 quoniam

680 3370 953 3434 humilis
997 3375 1069 3434 et
1110 3369 1432 3454 benigna3
1477 3367 1728 3453 placuit
1771 3370 1935 3433 artis
1980 3370 2236 3455 peritia,
2269 3371 2581 3455 quoniam
2613 3371 2790 3438 dulci

683 3476 752 3535 et
796 3470 1076 3535 sollicita
1120 3469 1589 3534 exercitatione
1635 3475 1705 3533 et
1739 3469 2033 3560 jocunda
2054 3469 2080 3509 ⁷
2124 3471 2476 3537 severitate
2506 3473 2788 3539 condita.

682 3572 980 3658 Regebat
1042 3559 1302 3636 assidue
1323 3568 1349 3610 ⁸
1417 3570 1782 3636 scholarum
1851 3571 2288 3657 frequentiam
2354 3574 2659 3653 exterius,
2721 3580 2791 3641 et

682 3674 862 3741 chori
908 3695 1130 3739 curam
1177 3669 1640 3739 moderabatur
1698 3674 2105 3740 concorditer
2147 3675 2442 3754 interius,
2489 3677 2562 3742 in
2606 3683 2789 3744 utro-

682 3799 810 3862 que
853 3797 989 3841 non
1056 3775 1272 3863 segnis
1335 3776 1649 3861 provisor,
1695 3776 1812 3842 sed
1880 3776 2171 3843 officialis
2231 3780 2544 3867 egregius.
2656 3781 2789 3847 Sed

682 3879 844 3965 quid
888 3879 1063 3944 inter
1106 3878 1404 3944 homines
1463 3878 1779 3964 placitum
1841 3885 1943 3945 est
2009 3879 2152 3946 Deo
2213 3882 2509 3947 omnium
2557 3882 2787 3952 Salva-

546 4049 562 4077 ,
681 3981 828 4060 tori,
875 3982 1052 4067 quod
1110 4000 1246 4046 non
1307 3980 1651 4067 displiceat
1700 3980 1976 4047 humani
2036 3981 2292 4070 generis
2358 3984 2642 4051 nefando
2687 3986 2787 4052 in-

682 4084 1030 4149 sidiatori?
1089 4082 1197 4148 vel
1243 4082 1405 4168 quid
1449 4081 1723 4148 virtutis
1782 4082 1987 4150 habet
2030 4084 2337 4151 humanae
2383 4086 2789 4155 excellentiae

683 4186 987 4273 dignitas,
1034 4185 1142 4251 cui
1187 4204 1515 4250 venenoso
1559 4185 1751 4250 corde
1802 4207 1939 4251 non
1982 4185 2283 4254 invideat
2325 4188 2642 4254 daemonis
2686 4190 2785 4255 vi-

681 4287 972 4353 rulentia
1015 4291 1085 4352 et
1126 4291 1398 4353 versuta
1441 4286 1769 4366 calliditas
1796 4291 1823 4353 2

669 4567 686 4578 -
752 4560 769 4593 ι
805 4555 1057 4625 mmmm]
1090 4555 1377 4633 cujuslibet,
1400 4556 1470 4607 A.
1841 4556 1864 4588 ⁸
1898 4555 2066 4624 Hinc]
2098 4558 2222 4622 Hic,
2241 4558 2311 4609 A.

751 4638 774 4672 2
807 4636 1121 4703 mahadan]
1151 4637 1485 4701 quorundam,
1506 4635 1576 4686 A.
1846 4635 1869 4668 ⁶
1899 4634 2037 4702 hinc]
2065 4645 2133 4698 ct,
2153 4637 2221 4687 A.

751 4718 775 4752 ⁸
807 4716 1032 4781 artibus]
1061 4715 1279 4776 actibus,
1299 4715 1368 4766 A.
1847 4713 1869 4752 '¹'
1902 4715 2210 4781 djwda]
2236 4716 2585 4784 iucundique»
2602 4722 2674 4773 A·

752 4797 773 4830 4
808 4814 891 4848 οη
915 4794 1159 4862 veredino]
1189 4794 1292 4844 oris
1317 4792 1522 4857 indicio,
1545 4794 1615 4843 A.
1851 4792 1875 4823 ⁸
1906 4791 2132 4859 assidue]
2163 4793 2349 4861 itaque,
2373 4796 2465 4849 ins.
2490 4799 2557 4850 A.
