3600 5800
519 1243 759 1304 Esdmen

520 1325 630 1375 cap.
655 1310 784 1361 xliii.

523 1654 692 1706 Death
716 1652 774 1704 of

525 1719 755 1788 Ecgffid.

524 2967 678 3046 York·

529 3650 690 3700 Idem.

530 3904 782 3957 Wilfrid’s

853 851 986 914 484
1255 814 1262 820 ⁶
1722 863 2093 912 APPENDIX.

1480 1080 1904 1147 CAPITULUM
1949 1079 2242 1146 Nonum.

925 1237 1100 1291 Anno
1137 1227 1405 1293 Domini
1459 1236 1874 1293 sexcentesimo
1930 1236 2284 1306 octogesimo
2333 1237 2558 1307 quint0,
2597 1255 2730 1292 cum
2781 1229 2965 1316 Heg-

856 1315 1066 1380 fridus
1119 1343 1220 1381 rex
1269 1325 1936 1397 Northamhymbrorum
1988 1315 2341 1401 praedictus
2386 1333 2603 1382 temere
2651 1327 2968 1382 exercitum

857 1416 930 1470 ad
967 1414 1314 1470 vastandum
1350 1414 1648 1470 Pictorum
1683 1412 2041 1484 provinciam
2078 1415 2352 1478 duxisset,
2402 1412 2502 1470 est
2547 1405 2632 1470 ab
2691 1406 2786 1470 eis
2832 1431 2965 1469 cum

857 1494 1114 1549 maxima
1166 1494 1257 1550 sui
1292 1494 1577 1549 exercitus
1613 1494 1798 1565 copia,
1839 1509 2017 1564 quam
2053 1511 2249 1548 secum
2283 1494 2621 1558 adduxerat,
2659 1495 2964 1549 extinctus.

859 1577 939 1632 Et
976 1575 1212 1647 quidem
1259 1577 1434 1647 juste.
1510 1574 1620 1643 Qui
1671 1575 1829 1630 enim
1866 1575 2058 1630 virum
2095 1575 2232 1630 vitae
2266 1578 2430 1631 nullo
2465 1582 2636 1647 pacto
2672 1577 2736 1630 in
2770 1575 2970 1631 amici—

859 1657 1005 1711 tiam
1042 1674 1227 1719 suam,
1266 1654 1362 1710 vel
1397 1654 1461 1708 in
1489 1654 1624 1726 jura
1658 1654 1960 1725 potestatis
1995 1672 2113 1709 suae
2159 1658 2557 1728 condignatus
2604 1654 2968 1723 annectere,

861 1737 1070 1792 merito
1105 1735 1309 1791 debuit
1344 1753 1412 1790 eo
1447 1734 1718 1806 despecto
1753 1733 1828 1789 ab
1864 1733 2080 1788 eisdem
2116 1734 2380 1791 hostibus
2417 1736 2586 1801 mori,
2622 1754 2769 1808 quos
2805 1735 2968 1807 prius

861 1820 1063 1875 eodem
1117 1818 1229 1874 sibi
1289 1816 1654 1872 familiariter
1707 1822 1943 1888 accepto
1993 1818 2212 1872 meruit
2276 1819 2522 1875 feliciter
2578 1831 2697 1874 suae
2759 1817 2970 1873 ditioni

860 1899 1153 1971 subjicere.
1230 1897 1370 1968 Ipsa
1403 1902 1598 1952 autem
1647 1895 1791 1950 hora
1844 1912 1960 1964 qua
2016 1887 2143 1953 iste
2186 1916 2288 1954 rex
2340 1898 2508 1968 gravi
2541 1897 2694 1953 bello
2728 1898 2793 1952 in
2843 1896 2973 1951 Pic-

860 1992 1052 2041 torum
1087 1985 1387 2057 provincia
1419 1985 1808 2055 premebatur,
1855 1973 2101 2040 Beatus
2147 1985 2452 2041 wilfridus
2485 1985 2551 2040 in
2612 1976 2973 2043 Suthsexia

861 2073 1173 2129 Missarum
1195 2062 1530 2129 solemniis
1554 2070 1909 2126 intendebat.
1961 2072 2225 2145 Cumque
2249 2073 2405 2128 dicto
2434 2077 2470 2102 “
2487 2073 2729 2129 Sursum
2752 2072 2993 2129 eorda”-

861 2151 1237 2223 respondetur
1263 2156 1301 2180 “
1319 2152 1620 2207 Habemus
1644 2150 1715 2205 ad
1743 2150 2060 2205 Dominum
2081 2151 2137 2215 ;”
2173 2153 2465 2223 raptus-in
2489 2153 2703 2208 mentis
2738 2170 2972 2208 excessu

861 2234 1012 2290 vidit
1048 2233 1251 2290 eodem
1275 2239 1572 2289 momento
1681 2251 1712 2286 r
1749 2231 1789 2287 S
1832 2231 2033 2288 iritum
2059 2233 2170 2289 Dei
2197 2232 2508 2304 ngridum
2532 2236 2722 2307 capite
2757 2252 2970 2289 coesum

860 2310 1071 2370 morte
1115 2313 1509 2385 procumbere.
1582 2250 1843 2368 fflind‘e
1873 2310 1937 2367 in
1975 2314 2324 2369 Praefatione
2360 2326 2509 2370 cum
2572 2316 2609 2342 ‘⁸
2637 2331 2742 2386 per
2778 2314 2971 2371 Chris-

863 2397 903 2420 “
941 2399 1069 2448 tum
1094 2393 1412 2448 Dominum
1435 2392 1740 2447 nostrum”
1767 2394 1841 2449 ab
1868 2392 1991 2464 ipso
2016 2391 2321 2457 diceretur,
2349 2393 2591 2465 aspexit,
2617 2400 2678 2450 et
2700 2411 2835 2450 ecce
2858 2394 2973 2449 duo

860 2477 1106 2548 maligui
1131 2475 1371 2546 spiritus
1396 2475 1651 2529 animam
1686 2475 1843 2544 regis
1866 2479 2003 2529 ante
2028 2474 2214 2545 ipsius
2240 2475 2435 2531 oculos
2459 2477 2864 2533 miserabiliter
2886 2483 2971 2534 at·

861 2560 1144 2624 tulerunt,
1169 2557 1367 2627 sicque
1400 2555 1688 2612 horrendo
1725 2557 1955 2627 gemitu
1989 2557 2380 2630 suspirantem
2417 2577 2612 2614 secum
2649 2560 2725 2615 ad
2760 2561 2973 2618 inferni

861 2651 1114 2706 claustra
1147 2649 1422 2705 tulerunt.
1502 2638 1797 2703 Notatur
1842 2639 2050 2724 igitur
2092 2639 2256 2705 hora
2301 2642 2576 2707 visionis
2620 2645 2972 2728 praedictae,

861 2756 921 2806 et
956 2767 1084 2804 eam
1122 2748 1307 2818 ipsam
1353 2738 1550 2825 regiae
1618 2739 2099 2805 interfectionis
2166 2740 2371 2805 fuisse
2436 2743 2637 2826 paulo
2699 2760 2833 2823 post
2888 2752 2975 2808 rei

861 2848 1043 2912 gestae
1081 2839 1378 2894 attestatio
1414 2840 1835 2912 comprobavit.

934 2943 1166 2999 Mortuo
1215 2934 1423 3021 igitur
1491 2936 1780 3023 ngrid0,
1826 2947 2170 3003 venerandas
2242 2949 2541 3004 memoriae
2601 2949 2974 3019 supradictus

862 3023 1286 3110 archipraesul
1355 3033 1688 3090 Theodorus
1746 3035 1994 3090 Beatum
2052 3035 2394 3093 Wilfridum
2452 3037 2517 3091 in
2577 3035 2975 3108 episcopatum

862 3131 1033 3168 suum
1085 3113 1365 3179 restituit,
1404 3113 1606 3186 ejectis
1654 3114 1939 3186 episcopis
1993 3115 2203 3186 quibus
2238 3132 2372 3171 eum
2406 3115 2773 3171 distribuisse
2825 3133 2974 3188 prae-

864 3196 1133 3252 diximus.
1207 3197 1287 3252 Et
1337 3198 1558 3252 factum
1608 3203 1696 3253 est
1731 3203 1798 3253 ut
1838 3198 2115 3270 quamdiu
2163 3203 2293 3271 post
2327 3199 2453 3253 haec
2490 3199 2827 3271 supervixit,
2864 3218 2978 3272 pax

864 3285 925 3335 et
960 3279 1267 3335 concordia
1299 3279 1454 3336 iuter
1491 3279 1646 3353 ipsos
1681 3286 1874 3351 patres
1911 3298 2138 3354 semper
2173 3281 2451 3338 inviolata
2486 3288 2866 3355 permaneret.

1521 3490 1942 3559 CAPITULUM
1987 3492 2350 3560 Dscmtm.

938 3643 1078 3698 Post
1130 3642 1426 3698 decessum
1461 3638 1686 3697 autem
1722 3643 2026 3709 Theodori,
2069 3657 2219 3701 eum
2255 3643 2648 3701 Brithwaldus
2701 3645 2764 3700 in
2799 3645 2976 3718 patri-

867 3721 1169 3777 archatum
1192 3720 1429 3792 Anglise
1467 3721 1826 3785 successiset,
1852 3727 1913 3777 et
1937 3724 2206 3793 generale
2232 3723 2543 3778 concilium
2579 3723 2979 3795 episcoporum

868 3804 1263 3867 coadunasset,
1301 3804 1518 3859 iterum
1555 3803 1864 3860 Wilfridus
1900 3805 1971 3860 de
2007 3806 2400 3862 inobedientia
2445 3810 2768 3870 accusatus,
2807 3806 2978 3877 depo-

868 3889 1016 3944 situs
1041 3892 1144 3943 est.
1206 3884 1290 3941 At
1315 3886 1415 3942 ille
1439 3886 1689 3941 Romam
1715 3888 2048 3953 revertitur,
2076 3895 2251 3959 atque
2286 3889 2599 3944 secundum
2625 3888 2781 3959 quod
2805 3906 2981 3960 supra

532 3973 766 4024 sickuess
787 3979 842 4023 at
866 3971 1175 4027 retulimus
1211 3986 1348 4029 enm
1384 3969 1560 4024 aliam
1597 3985 1831 4025 causam
1871 3987 2033 4025 suam
2073 3971 2364 4043 peregisse
2397 3989 2590 4026 coram
2636 3989 2787 4043 papa
2820 3970 2977 4043 Aga-

532 4038 742 4090 Meaux.

867 4056 1065 4120 thone,
1106 4054 1230 4124 egit
1264 4058 1325 4107 et
1357 4052 1470 4106 hoc
1518 4052 1822 4122 negotium
1872 4070 2043 4109 suum
2081 4071 2272 4110 coram
2320 4054 2594 4126 pontifice
2631 4054 2982 4127 Apostolicae

869 4139 1022 4195 sedis
1077 4138 1116 4193 J
1117 4137 1362 4201 ohanne,
1420 4135 1714 4206 similique
1763 4142 1964 4191 tenore
2024 4137 2279 4201 auditus,
2333 4137 2645 4202 absolutus,
2704 4135 2981 4193 dimissus

870 4224 992 4284 est;
1046 4233 1295 4285 cumque
1349 4227 1577 4270 versus
1622 4206 1936 4293 Angliam
1973 4217 2033 4271 in
2072 4207 2358 4286 Meldon,
2396 4216 2695 4272 civitatem
2751 4214 2977 4281 Galliae,

871 4307 1143 4370 venisset,
1171 4304 1339 4375 gravi
1364 4302 1615 4374 corporis
1649 4303 1989 4359 infirmitate
2013 4304 2343 4377 corripitur,
2370 4305 2458 4359 ita
2491 4295 2668 4380 quod
2702 4302 2981 4373 languore

872 4386 1277 4449 invalescente,
1314 4399 1421 4453 per
1471 4381 1847 4453 quatriduum
1900 4382 2025 4438 sine
2060 4400 2203 4438 voce
2253 4388 2313 4438 et
2349 4400 2535 4448 sensu,
2574 4384 2700 4438 sine
2754 4385 2885 4439 cibo
2922 4390 2983 4439 et

869 4476 1032 4542 potu,
1095 4469 1221 4523 sine
1288 4467 1616 4537 aliquorum
1674 4465 2070 4521 membrorum
2132 4472 2296 4522 motu
2347 4467 2585 4539 jaceret,
2648 4467 2747 4521 vix
2816 4467 2983 4523 tenui

869 4553 1061 4609 halitu
1110 4570 1172 4607 se
1207 4555 1395 4606 totum
1428 4550 1700 4621 spiritum
1734 4548 1994 4604 nondum
2031 4549 2326 4605 exhalasse
2350 4550 2673 4621 designans.
2736 4551 2815 4606 Et
2849 4566 2983 4606 cum

871 4646 962 4700 sui
1010 4647 1132 4715 jam
1167 4642 1240 4697 de
1276 4640 1531 4712 exequiis
1580 4640 1708 4710 ejus
1761 4639 2021 4696 dolentes
2062 4646 2398 4706 tractarent,
2438 4638 2663 4699 astans
2708 4633 2983 4699 archan-

869 4724 1056 4811 gelus
1085 4718 1368 4788 Michael
1396 4720 1541 4785 viro
1571 4719 1701 4786 Dei
1745 4719 1938 4798 dixit,
1973 4732 2012 4757 “
2027 4728 2317 4795 wilfi-ido,
2342 4729 2597 4786 concivis
2619 4729 2981 4801 dignissime,
