3600 5800
1381 934 1698 986 AUCTORE
1744 936 2092 985 EADMERO.
2654 924 2733 986 21
2744 924 2778 985 1

671 1120 1133 1209 justitiam3de
1179 1121 1442 1208 injuria,
1489 1144 1688 1208 quam
1732 1122 1861 1188 sibi
1922 1123 2317 1208 querebatur
2360 1122 2634 1200 illatam,
2679 1145 2781 1189 re·

681 1228 1041 1310 cepturum,
1089 1225 1147 1289 si
1192 1228 1418 1290 tamen
1461 1225 1775 1311 injuriam
1820 1225 1947 1291 sibi
1992 1226 2234 1292 factam
2298 1232 2477 1292 certa
2520 1226 2779 1292 ratione

341 1327 497 1391 dei,
519 1345 636 1397 cap.
679 1326 1021 1419 ostendere
1065 1332 1300 1413 posset.
1412 1334 1568 1405 Quid
1601 1335 1774 1407 plura
1791 1334 1819 1392 Ρ
1888 1327 2095 1394 Venit
2136 1328 2225 1393 ad
2268 1328 2610 1414 synodum,
2662 1328 2779 1394 sed
2803 1346 2858 1391 at
2878 1340 3045 1393 which

341 1394 465 1447 xlvi.

675 1450 1093 1515 nequaquam
1137 1430 1400 1496 invenit
1433 1430 1547 1516 jus
1592 1430 1718 1495 sibi
1764 1431 2174 1516 promissum.
2269 1431 2556 1513 Quidam
2601 1432 2779 1497 enim
2802 1407 3078 1541 {iu-{1³5³

676 1530 961 1618 episcopi
1035 1532 1236 1619 regiae
1308 1531 1643 1598 voluntati
1718 1531 2035 1611 faventes,
2112 1553 2270 1598 mox
2355 1533 2429 1597 in
2502 1533 2777 1599 concilio
2803 1541 2941 1592 used-

673 1631 893 1697 virum
939 1632 1066 1700 Dei
1132 1632 1315 1700 falsis
1367 1633 1713 1700 calumniis
1776 1633 2132 1721 exagitare,
2178 1638 2249 1699 et
2311 1633 2550 1719 quibus
2594 1639 2779 1720 pote-

671 1741 827 1800 rant
869 1736 1445 1803 contrarietatibus
1488 1737 1876 1823 perturbare
1920 1741 2276 1822 coeperunt.
2371 1735 2673 1823 Cumque
2702 1759 2782 1802 ea

673 1858 821 1922 quae
865 1838 1254 1923 objecerant,
1322 1837 1509 1903 nulla
1567 1838 1851 1903 veritate
1915 1836 2202 1903 subnixa
2251 1837 2527 1922 probare
2595 1839 2774 1904 vale-

661 1945 837 2016 ·rent,
914 1941 1186 2005 tandem
1275 1938 1410 2004 suis
1486 1937 1965 2025 objectionibus
2049 1938 2121 2002 id
2196 1938 2504 2023 adiecere,
2580 1939 2773 2005 illum

674 2042 951 2108 decretis
1010 2039 1478 2127 archiepiscopi
1501 2037 1528 2077 ¹
1573 2039 2072 2125 Cantuariensis
2117 2038 2443 2106 Theodori
2502 2041 2776 2108 minime

674 2165 917 2229 parere.
1028 2143 1285 2224 Quibus
1359 2141 1489 2222 ifle,
1568 2149 1604 2177 “
1617 2139 1970 2219 Decretis,”
2045 2141 2283 2228 inquit,
2363 2149 2397 2178 “
2414 2144 2775 2209 venerandi
2803 2157 3055 2210 wnstid’s

677 2254 712 2281 ‘'‘
754 2244 963 2332 patris
1008 2240 1347 2322 Theodori,
1395 2264 1544 2329 quae
1568 2240 1594 2281 ²
1634 2242 1708 2308 in
1769 2239 1974 2329 pace,3
2017 2248 2087 2308 et
2130 2243 2444 2311 canonica
2486 2245 2773 2311 auctori·
2800 2225 3021 2343 m}
3033 2226 3096 2277 ⁰¹*

677 2355 710 2383 “
753 2353 895 2414 tate
961 2348 1256 2415 dictante
1317 2345 1779 2433 promulgavit,
1844 2346 2243 2413 conscientia
2302 2351 2487 2426 teste,
2536 2347 2778 2415 devota

539 2486 550 2493 -
676 2456 714 2484 “
753 2457 976 2516 mente
1035 2448 1245 2528 subdi,
1293 2448 1531 2535 eisque,
1575 2453 1657 2513 ut
1712 2447 1974 2533 justum
2020 2453 2137 2527 cst,
2182 2469 2301 2533 per
2363 2449 2586 2516 omnia
2652 2451 2767 2517 ob-

674 2560 710 2588 “
752 2558 1116 2640 temperare
1159 2551 1327 2631 volo,
1374 2556 1445 2617 et
1488 2549 1848 2617 secundum
1894 2569 1973 2616 ea
2021 2549 2309 2635 judicari
2352 2572 2473 2637 pro
2516 2552 2772 2618 ratione

674 2662 707 2688 “
749 2655 1130 2722 nullatenus
1159 2655 1393 2722 abnu0.
1485 2653 1809 2718 Attamen
1837 2671 2063 2739 precor
2091 2650 2259 2716 mihi
2288 2652 2527 2720 dicatis
2574 2653 2766 2741 quid-

673 2767 707 2793 “
749 2781 904 2826 nam
968 2760 1073 2838 sit,
1121 2759 1297 2846 quod
1349 2757 1493 2843 jam
1538 2777 1656 2842 per
1716 2753 2035 2841 plurimos
2097 2774 2305 2821 annos
2370 2755 2614 2822 litteris
2658 2778 2777 2843 per

672 2869 708 2896 “
749 2884 855 2930 me
875 2862 905 2902 ⁴
965 2862 1051 2931 ab
1112 2860 1494 2950 Apostolica
1552 2856 1704 2925 sede
1771 2857 2038 2928 directis
2081 2857 2534 2927 inobedientes
2602 2860 2774 2926 exis-

673 2972 707 2999 “
750 2967 913 3046 titis,
960 2973 1029 3033 et
1046 2967 1073 3007 ¹⁵
1121 2970 1463 3051 tantopere
1526 2984 1633 3027 me
1676 2961 2013 3038 accusatis,
2084 2962 2261 3047 quod
2329 2984 2437 3028 eas
2500 2963 2773 3028 institu-

675 3076 707 3102 “
751 3070 964 3136 tiones
995 3068 1320 3135 Theodori
1362 3087 1499 3132 non
1527 3062 1787 3148 recipi0,
1834 3083 1998 3147 quas
2028 3061 2183 3147 ipse,
2215 3083 2351 3130 non
2379 3065 2775 3130 auctoritate

675 3179 708 3206 “
752 3172 1065 3238 canonica
1130 3169 1244 3235 sed
1313 3165 1640 3233 discordia
1700 3161 2011 3240 dictante,
2076 3166 2458 3251 composuit,
2506 3171 2588 3232 ut
2652 3187 2772 3233 vos

675 3280 710 3308 “
752 3273 881 3359 ipsi
925 3272 1170 3358 optime
1214 3273 1426 3339 nostis
1453 3271 1527 3339 2'’
1548 3268 1576 3308 ⁵

761 3374 871 3439 Ad
916 3395 1065 3459 quae
1110 3391 1260 3440 cum
1305 3375 1509 3441 verba
1550 3374 1818 3462 penitus
1861 3374 2118 3442 ratione
2162 3370 2455 3439 carentia
2505 3369 2775 3434 turbato
2806 3384 3017 3436 wilfi-id
3037 3385 3082 3437 is

674 3497 1007 3541 murmure
1073 3476 1542 3560 jacularentur,
1597 3478 1870 3562 juvenis
1946 3476 2217 3563 quidam
2280 3471 2561 3549 curialis,
2630 3471 2776 3536 viro
2804 3454 3071 3568 maha

673 3575 944 3641 Domini
989 3576 1157 3643 bene
1200 3577 1558 3656 familiaris,
1606 3577 2178 3645 circumstantium
2238 3572 2660 3640 multitudini
2706 3594 2776 3638 se
2803 3582 3007 3661 designa
3028 3583 3088 3635 of

671 3677 1009 3758 immersit,
1051 3699 1129 3747 ac
1171 3679 1258 3745 ad
1301 3679 1491 3745 illum
1520 3681 1912 3768 perveniens
1959 3680 2020 3746 ei
2063 3678 2272 3745 totius
2301 3675 2775 3743 tumultuantis
2803 3650 3024 3768 &effe-

672 3781 932 3849 concilii
1006 3804 1270 3851 causam
1332 3785 1594 3870 aperuit
1614 3807 1654 3874 ;ἐ
1703 3789 1784 3850 ut
1858 3783 1986 3850 sibi
2069 3781 2447 3869 provideret
2520 3780 2774 3860 suasit3

671 3883 1142 3972 confestimque
1215 3907 1334 3974 per
1421 3884 1602 3952 viam
1678 3907 1878 3972 quam
1966 3888 2245 3951 venerat
2328 3881 2622 3949 clanculo
2697 3882 2772 3946 in
2872 3895 2881 3902 ·

670 3989 918 4055 curiam
983 3989 1197 4057 rediit.
1290 3989 1726 4058 Praemonitus
1785 3990 1995 4077 igitur
2036 3993 2131 4086 ⁸et
2172 3985 2608 4074 praemunitus
2669 4006 2769 4049 re·

668 4090 915 4158 latione
981 4093 1195 4159 fidelis
1255 4093 1468 4172 amici,
1513 4099 1705 4161 tanto
1766 4091 2178 4160 constantius
2240 4086 2577 4175 aequitatis
2640 4086 2768 4152 sibi

668 4191 1112 4261 defensionem
1141 4195 1394 4275 ascivit,
1428 4195 1679 4284 quanto
1710 4201 1779 4262 et
1808 4196 1983 4283 ipsos
2020 4192 2277 4279 judices
2307 4211 2460 4256 suos
2490 4187 2770 4255 scienter

666 4300 895 4361 contra
953 4297 1289 4382 justitiam
1350 4321 1542 4387 agere
1595 4299 1809 4365 scivit.
1903 4296 2057 4364 Stat
2127 4294 2336 4382 igitur
2380 4292 2559 4357 inter
2618 4313 2765 4356 ver-

667 4396 901 4463 borum
938 4397 1160 4483 jacula
1203 4422 1481 4479 securus,
1515 4401 1826 4486 quoniam
1871 4420 2007 4464 suae
2051 4395 2322 4462 libertas
2353 4393 2768 4461 conscientiae

715 4677 751 4712 '¹
782 4676 1168 4744 archiepioeopz]
1197 4674 1493 4736 beatissimi,
1513 4676 1584 4727 A.
1822 4673 1844 4705 ⁴
1870 4690 1967 4739 per
1989 4672 2090 4739 me]
2118 4673 2221 4723 oin.
2244 4673 2315 4723 A.

729 4757 753 4790 ²
783 4773 891 4828 quoe
923 4794 938 4809 .
974 4793 988 4807 .
1015 4753 1374 4824 pronulyam't]
1403 4769 1502 4807 om.
1526 4753 1597 4805 A.
1823 4750 1845 4784 ⁸
1877 4759 1925 4802 ee
1959 4789 1973 4803 .
2009 4788 2022 4802 .
2057 4752 2240 4818 nostis]
2270 4767 2370 4802 om.
2395 4751 2465 4802 A.

729 4835 752 4870 ⁸
781 4838 834 4887 in
847 4835 1006 4903 pace]
1035 4851 1180 4903 pace,
1201 4835 1264 4886 B.
2453 4912 2495 4974 2

2361 4926 2406 4976 Ο
