3600 5800
1264 913 1583 964 morona
1630 912 1845 962 Enmo
1889 911 2263 988 srnrmo.
2733 897 2818 966 67

721 1104 754 1131 “
797 1104 934 1165 tare
1001 1099 1382 1167 nullatenus
1445 1119 1662 1186 queas.
1755 1100 1898 1166 Ista
1963 1100 2288 1186 siquidem
2358 1100 2486 1166 erit
2553 1100 2817 1167 illorum

721 1208 753 1233 “
786 1201 1023 1286 judicii
1054 1203 1325 1289 apertio,
1357 1206 1437 1267 ut
1466 1201 1778 1288 quicquid
1811 1201 1883 1266 in
1913 1202 2663 1269 mera-Humbrensium
2694 1201 2815 1268 ali-

720 1310 751 1337 “
794 1306 1057 1389 quando
1104 1311 1280 1371 terra
1322 1305 1651 1392 possidere
1683 1305 1866 1370 visus
1910 1304 2116 1383 fuisti,
2147 1304 2256 1371 vel
2300 1306 2374 1369 in
2418 1306 2813 1393 episcopatu,

720 1414 751 1439 “
794 1407 901 1473 vel
944 1409 1019 1473 in
1062 1409 1494 1485 monasteriis,
1540 1408 1650 1474 vel
1718 1409 1789 1473 in
1836 1408 2131 1493 qualibet
2175 1431 2261 1486 re,
2308 1415 2546 1476 cuncta
2589 1409 2812 1476 dimit-

720 1517 751 1543 “
794 1514 932 1589 tas;
978 1515 1047 1575 et
1088 1511 1146 1577 si
1190 1510 1358 1596 quid
1402 1509 1475 1575 in
1521 1510 1923 1595 Myrciorum
1991 1532 2193 1601 regno
2238 1512 2625 1577 subsecutus
2670 1534 2812 1578 eras

717 1620 747 1646 “
792 1614 914 1677 sub
982 1614 1336 1679 Ethelrcdo
1400 1635 1568 1700 rege,
1646 1613 1869 1679 omnia
1941 1613 2271 1679 reddendo
2330 1608 2811 1701 archiepiscopo

716 1721 747 1745 “
790 1719 1007 1780 coacte
1052 1714 1402 1801 relinquas,
1448 1715 1593 1801 ipso
1637 1714 1944 1779 donando
1968 1713 1991 1753 ¹
2037 1714 2144 1779 cui
2188 1713 2372 1780 vult:
2417 1720 2503 1791 et,
2549 1715 2635 1779 ad
2662 1736 2808 1801 pos·

715 1824 746 1849 “
790 1822 1089 1895 tremum,
1135 1819 1560 1903 temetipsum
1608 1816 1982 1882 damnando
2028 1817 2110 1881 de
2156 1820 2272 1881 tuo
2317 1822 2385 1883 tc
2438 1818 2809 1884 sanctitatis

715 1924 747 1950 “
790 1916 1033 1983 honore
1079 1940 1229 1991 cum
1274 1918 1753 2003 subscriptione
1800 1916 2228 2003 degraderis.’'
2318 1916 2485 1983 Haec
2544 1918 2765 1985 dicens
2784 1917 2810 1958 ²

713 2018 1195 2104 subterfugiens
1240 2019 1552 2085 discessit.

799 2117 983 2184 Tunc
1012 2126 1276 2185 sanctus
1320 2119 1441 2197 vir,
1486 2140 1762 2184 summae
1806 2117 2078 2182 virtutis
2123 2123 2193 2183 et
2235 2118 2638 2194 constantiae,
2679 2118 2810 2184 ista
2834 2120 3081 2173 wilfi-id’s

708 2221 998 2299 audiens,
1044 2223 1304 2308 cognito
1350 2222 1750 2309 deceptionis
1794 2227 2200 2307 argumentO,
2246 2221 2499 2287 cautior
2529 2222 2610 2286 de
2654 2223 2805 2286 sub·
2831 2190 3134 2307 {gblgelchent

710 2326 1060 2412 scriptione
1104 2328 1344 2413 saepius
1406 2326 1721 2414 replicata
1781 2326 2052 2392 effectus
2098 2331 2213 2391 est.
2309 2325 2604 2391 Reddere
2649 2349 2805 2392 vero
2830 2323 3028 2438 2232ss

708 2447 1016 2511 responsa
1074 2427 1399 2492 instanter
1474 2427 1875 2513 quaerebant,
1907 2432 1977 2491 et
2020 2426 2375 2512 aliquando
2419 2427 2804 2493 minitantes
3035 2426 3046 2438 ’

707 2528 1069 2612 arguebant
1113 2550 1264 2593 eum
1310 2527 1425 2614 qui
1471 2527 1678 2592 nollet
1723 2534 1979 2593 mature
2040 2527 2336 2592 confiteri
2407 2526 2628 2592 subire
2702 2550 2804 2594 ar—

706 2628 993 2706 bitrium,
1067 2629 1201 2695 cito
1274 2652 1344 2693 se
1384 2695 1390 2701 ,
1426 2629 1824 2721 sententiam
1842 2628 1869 2665 ³
1944 2627 2384 2694 damnationis
2474 2628 2810 2713 subjacere

706 2731 911 2796 sciret.
985 2730 1241 2812 Quibus
1285 2731 1685 2816 respondens
1731 2729 1868 2795 ait:
1937 2738 1970 2764 “
1995 2729 2254 2794 Primus
2272 2729 2300 2767 ⁴
2337 2728 2805 2817 archiepiscopi

706 2838 739 2864 “
772 2831 1100 2917 judicium
1147 2831 1439 2909 audiens,
1500 2830 1692 2895 illum
1753 2836 2216 2896 consonantem
2276 2829 2548 2895 statutis
2621 2851 2804 2896 sanc-

707 2941 739 2966 “
784 2939 1000 2999 torum
1076 2939 1341 3020 patrum
1402 2932 1664 3020 regulis,
1710 2938 1853 2999 toto
1899 2933 2141 2997 mentis
2184 2931 2424 2997 annisu
2471 2932 2804 3018 subjacere

705 3043 737 3067 ‘²
780 3035 1189 3121 amplector.”

788 3135 896 3200 Ad
943 3136 1252 3202 ultimum
1298 3157 1475 3215 vero,
1517 3136 1676 3201 dum
1723 3134 1978 3201 diutius
2021 3133 2252 3200 multis
2295 3113 2804 3220 aghosoentibus
2827 3138 3104 3258 fflgs02‘321,

704 3258 962 3304 causam
1029 3239 1238 3305 celare
1299 3261 1435 3305 non
1510 3245 1836 3326 poterant,
1881 3239 2093 3324 primo
2139 3238 2455 3302 dixerunt
2498 3243 2798 3303 sanctum
2829 3280 2882 3323 to
2903 3275 3105 3336 deprive

703 3342 1074 3426 pontificem
1104 3347 1403 3406 nostrum
1425 3341 1451 3379 ⁶
1480 3341 1783 3406 omnibus
1815 3339 2241 3406 facultatibus
2270 3338 2548 3423 spoliare
2579 3339 2804 3404 taliter
2829 3338 2935 3389 him
2959 3341 3018 3389 of
3035 3340 3121 3391 the

704 3444 884 3522 velle,
961 3452 1041 3510 ut
1115 3466 1235 3511 nec
1310 3445 1381 3510 in
1456 3441 2204 3510 U1tra-Humbrensium
2280 3462 2499 3526 regno,
2546 3462 2668 3506 nec
2729 3442 2801 3505 in
2824 3405 3070 3537 ffi‘ssff

704 3547 1109 3624 Marciorum,
1140 3548 1483 3616 minimam
1527 3547 1797 3633 quidem
1840 3546 2039 3612 unius
2071 3543 2452 3611 domunculi
2500 3544 2800 3632 portiun-
2827 3537 3101 3654 §0322

702 3649 913 3743 eniam
956 3648 1242 3715 haberet.
2827 3669 2935 3720 bria
2957 3674 3055 3722 and

790 3751 1010 3836 Hujus
1068 3758 1291 3819 autem
1327 3752 1565 3839 judicii
1612 3750 2036 3817 inclementia
2076 3749 2163 3816 ab
2206 3749 2688 3838 archiepiscopo
2734 3755 2803 3814 et
2827 3738 3033 3789 Men-eia.

702 3874 851 3938 rege
912 3851 1210 3931 diffinita,
1257 3859 1326 3920 et
1369 3854 1544 3940 ipsos
1611 3853 1753 3939 jam
1799 3850 2100 3916 inimicos
2143 3849 2419 3928 horruit,
2465 3850 2756 3915 dicentes
2775 3849 2803 3886 ⁶

704 3955 979 4042 impium
1026 3979 1161 4022 esse
1207 3963 1346 4023 tam
1395 3958 1718 4023 famosum
1750 3956 1970 4020 virum
2005 3954 2078 4018 in
2107 3954 2389 4020 circuitu
2419 3952 2803 4018 nationibus

700 4060 943 4145 absque
1018 4060 1153 4126 ullo
1227 4061 1496 4148 capitali
1565 4060 1838 4126 crimine
1913 4057 2219 4124 omnibus
2241 4055 2267 4097 ⁷
2341 4057 2478 4122 suis
2523 4056 2801 4143 privare.

703 4160 1151 4226 Novissimum
1196 4184 1369 4240 vero,
1415 4161 1669 4247 aliquid
1712 4160 2067 4225 humanius
2112 4163 2606 4245 pertractantes,
2652 4178 2800 4223 cen·
2828 4157 2903 4209 At
2925 4159 3024 4210 last

700 4269 988 4341 suerunt,
1034 4269 1113 4328 ut
1155 4263 1626 4329 monasterium
1669 4260 2145 4339 tantummodo,
2200 4259 2378 4346 quod
2429 4259 2803 4326 construxit
2826 4226 2945 4342 ἓξὲξ
2957 4228 3128 4358 Ῑιῖἰῇἳ,

765 4494 781 4528 ι
816 4498 923 4562 ip„
957 4494 1205 4563 donando]
1240 4495 1353 4562 ipso
1393 4497 1702 4559 donandum,
1860 4494 1881 4527 ⁵
1910 4494 2191 4559 pontificem
2242 4492 2496 4558 noso-um]
2559 4493 2803 4546 famulum

702 4574 790 4684 A}
819 4653 1009 4720 dicens]
1041 4654 1228 4716 subito,
1248 4656 1343 4705 ins.
1372 4654 1435 4705 A.
1794 4573 2157 4717 Dej'cgmtes]
2182 4651 2252 4702 A.
2275 4670 2289 4710 3
2326 4650 2626 4712 dicentibus,
2648 4652 2764 4704 MS.

764 4732 786 4764 ³
817 4733 1130 4799 sententiam]
1163 4734 1234 4785 So
1255 4734 1309 4782 in
1332 4734 1458 4785 both
1480 4732 1639 4786 MSS,
1867 4731 1888 4769 7
1920 4730 2162 4796 omnibus]
2193 4731 2355 4793 bonis,
2375 4733 2470 4782 ins.
2493 4731 2562 4783 A.

766 4811 786 4843 ⁴
820 4811 1043 4883 Prema]
1074 4813 1316 4876 Primum,
1341 4813 1410 4864 A.
2499 4892 2539 4953 2

2406 4904 2450 4954 r.
