3600 5800
558 1813 615 1866 A
637 1815 804 1867 notice

560 1882 626 1931 of
649 1884 739 1933 the

559 1950 817 2001 anchorite

561 2015 711 2065 Etha.

562 2641 732 2693 Arch-

562 2709 746 2774 bishop

564 2775 752 2826 Albert

564 2842 800 2892 succeeds

565 2909 809 2974 Ecgbert,

572 3857 743 3909 whose
766 3856 854 3908 life

573 3924 662 3974 the
682 3925 865 3975 author

573 3999 803 4042 narrates

896 894 1027 959 390
1372 903 1655 955 CARMEN
1704 905 1797 953 DE
1844 904 2340 967 ΡοΝΤΙΕῚοΙΒσΒ,
2389 906 2528 955 mc.

895 1093 1097 1158 Terra
1112 1089 1138 1129 ¹
1183 1092 1302 1157 sed
1345 1097 1613 1159 econtra
1655 1090 1909 1157 vindex
1954 1090 2035 1156 fit
2077 1111 2317 1178 gurges
2360 1091 2648 1177 iniquis;
2829 1093 3005 1159 1380

896 1195 1147 1261 Suffert
1188 1195 1322 1261 ista
1363 1194 1665 1272 humiles,
1712 1193 1876 1259 dum
1920 1194 2198 1261 devorat
2242 1192 2360 1259 illa
2404 1194 2733 1279 superbos.

894 1296 1096 1362 Nunc
1140 1301 1210 1362 te
1254 1295 1371 1362 sed
1414 1296 1702 1383 petimus
1748 1295 1993 1375 devoti,
2040 1294 2354 1362 Balthere
2397 1300 2638 1375 sancte,

894 1399 997 1465 Ut
1041 1397 1213 1466 sicut
1256 1397 1438 1465 unda
1480 1403 1675 1464 tuum
1719 1397 2032 1485 portabat
2072 1398 2161 1465 ab
2204 1418 2468 1485 aequore
2510 1418 2759 1486 corpus,

895 1500 991 1566 Te
1035 1520 1270 1566 sanum
1314 1500 1582 1588 penitus
1624 1500 1946 1567 revehens
1988 1499 2076 1566 ad
2121 1499 2320 1567 litora
2361 1505 2559 1582 nota3

898 1603 1011 1669 Sic
1046 1603 1357 1689 ‚precibus
1399 1607 1659 1670 nostras
1702 1602 1960 1670 animas
2004 1601 2284 1669 evadere
2329 1603 2571 1670 fluctus
2830 1605 3001 1670 1385

898 1705 1270 1772 Mundanos
1313 1704 1533 1784 facias,
1579 1709 1977 1792 portumque
2021 1705 2272 1771 intrare
2316 1702 2597 1771 salutis?

1076 1807 1340 1875 clamita
1381 1807 1488 1874 his
1532 1808 1736 1875 etiam
1781 1807 2181 1875 venerabilis
2227 1807 2406 1875 Etha
2421 1804 2449 1847 ³
2493 1807 2742 1886 diebus,

896 1911 1314 1979 Anachoreta
1358 1931 1554 1990 sacer,
1599 1915 1850 1979 secreta
1893 1914 2157 1977 secutus
2203 1909 2420 1989 eremi,

897 2014 1214 2080 Terrenos
1258 2012 1519 2100 fugiens
1554 2013 1699 2100 jam
1744 2033 2012 2100 corpore
2057 2017 2276 2080 castus
2320 2011 2615 2093 honores

897 2115 1000 2182 Ut,
1045 2136 1197 2183 cum
1241 2135 1394 2202 rege
1438 2114 1584 2181 Deo
1630 2114 1923 2181 caelestes
1969 2120 2191 2201 posset
2233 2114 2491 2182 habere.
2830 2116 3007 2183 1390

895 2218 1282 2306 Angelicam
1326 2217 1528 2284 terris
1570 2217 1783 2285 vitam
1833 2218 2114 2284 devotus
2157 2217 2428 2305 agendO,

899 2321 1117 2387 Multa
1160 2319 1533 2407 prophetali
1578 2318 1896 2407 praedixit
1941 2324 2163 2386 mente
2207 2319 2475 2386 futura:

898 2423 1001 2489 De
1046 2443 1178 2509 quo
1222 2422 1416 2509 plura
1461 2425 1652 2489 vetat
1695 2422 1952 2489 narrari
1999 2421 2193 2489 Musa
2236 2442 2574 2490 recurrens

899 2524 1230 2592 Carminis
1272 2524 1360 2591 ad
1404 2524 1620 2603 finem,
1668 2524 2049 2612 propriique
2091 2523 2179 2591 ad
2222 2528 2411 2610 gesta
2451 2523 2769 2610 magistri,

902 2626 1036 2707 Qui
1080 2630 1232 2713 post
1277 2625 1678 2713 Ecgbertum
1723 2624 2119 2693 venerandae
2163 2625 2453 2712 insignia
2496 2625 2670 2692 sedis
2834 2628 3004 2693 1395

901 2727 1207 2813 Suscepit
1251 2727 1513 2814 sapiens
1558 2726 1897 2793 AElbertus
1942 2726 2208 2793 nomine
2252 2726 2485 2795 dictus.
2669 2748 2676 2756 ·

899 2831 1021 2895 Vir
1063 2831 1276 2896 bonus
1319 2835 1390 2896 et
1425 2830 1667 2916 justuS,
1715 2829 1954 2916 largus,
2000 2829 2153 2915 pius
2194 2834 2397 2915 atque
2444 2828 2786 2919 benignus,

901 2930 1262 2999 Catholicae
1306 2930 1464 2997 fidei
1506 2929 1745 3011 fautor,
1791 2934 2169 3017 praeceptor,
2217 2935 2511 3012 amator3

899 3033 1210 3100 Ecclesiae
1252 3037 1482 3113 rector,
1531 3033 1774 3111 doctor,
1822 3032 2140 3111 defensor,
2185 3032 2511 3113 alumnus,

902 3136 949 3203 J
949 3136 1202 3205 ustitiae
1247 3135 1476 3215 cultor,
1521 3134 1689 3224 legis
1732 3135 1915 3215 tuba,
1963 3156 2176 3223 praeco
2221 3135 2472 3214 salutis,
2835 3139 3011 3204 1400

903 3239 1067 3326 Spes
1111 3241 1402 3327 inopum,
1434 3238 1877 3326 orphanisque
1921 3242 2127 3324 pater,
2174 3239 2420 3305 solator
2460 3244 2790 3327 egentum,

901 3343 1087 3437 Trux
1131 3342 1378 3429 rigidis,
1426 3341 1843 3429 blandusque
1887 3339 2093 3421 bonis,
2142 3341 2476 3427 durusque
2519 3343 2852 3429 superbis:

901 3445 1121 3512 Fortis
1166 3445 1240 3510 in
1282 3445 1593 3524 adversis,
1636 3444 1910 3511 humilis
1953 3444 2086 3511 fuit
2128 3444 2331 3532 inque
2373 3445 2690 3524 secundis,

906 3549 1131 3614 Mente
1175 3567 1398 3633 sagax,
1444 3567 1581 3612 non
1624 3567 1736 3613 ore
1778 3546 2044 3632 loquax
2091 3547 2209 3612 sed
2251 3551 2561 3613 strenuus
2605 3552 2777 3615 actu.

906 3649 1036 3716 Oui
1082 3652 1408 3736 quantum
1452 3649 1667 3716 crevit
1710 3647 2031 3716 cumulati
2077 3646 2339 3714 culmen
2381 3647 2665 3728 honoris,
2838 3650 3009 3717 1405

907 3750 1200 3818 Tantum
1242 3771 1431 3817 mens
1474 3749 1714 3816 humili
1758 3771 1899 3817 sese
1944 3749 2194 3837 pietate
2238 3750 2518 3837 subegit.

906 3853 1008 3919 De
1054 3873 1185 3939 quo
1229 3851 1529 3919 versifico
1571 3852 1771 3939 paulo
1815 3851 1966 3938 plus
2011 3871 2279 3938 pergere
2320 3872 2564 3938 gressu,

908 3953 1252 4023 Euboricoe
1295 3974 1554 4021 mecum
1597 3952 1807 4020 libeat
1847 3951 1992 4031 tibi,
2044 3972 2283 4038 quaes0‚
2319 3953 2660 4038 juventus,

908 4056 1042 4122 Hic
1085 4056 1244 4142 quia
1287 4076 1462 4141 saepe
1504 4058 1658 4120 tuos
1701 4053 1998 4141 perfudit
2040 4058 2305 4123 nectare
2350 4075 2593 4133 sensus,

980 4334 996 4366 ¹
1043 4331 1231 4399 Terra]
1261 4330 1317 4382 A
1339 4329 1512 4390 blank,
1533 4328 1804 4380 Mabillon.
2011 4330 2044 4358 “
2079 4328 2378 4380 anachorita
2389 4326 2608 4380 feliciter
2627 4328 2686 4380 111
2700 4329 2821 4382 Orio
2842 4328 3015 4383 obiit?

984 4412 1006 4445 ‘⁶‘
1037 4411 1251 4464 Balther
1272 4409 1394 4461 died
1429 4408 1484 4459 in
1508 4412 1623 4460 756.
1691 4410 1722 4437 “
1739 4406 1918 4459 Vitam
2015 4407 2286 4474 (Symeon,
2310 4408 2522 4471 Chron„
2543 4410 2623 4460 ed.
2649 4407 2857 4462 Surtees
2882 4410 3018 4473 Soc„

914 4497 946 4521 ‘⁴
979 4488 1385 4543 anachoreticam
1451 4487 1507 4537 in
1574 4484 1920 4552 'siningahem
2013 4503 2066 4552 p.
2104 4489 2215 4549 22.)
2284 4489 2316 4516 “
2335 4486 2503 4541 Cric’'
2567 4488 2611 4538 is
2651 4488 2856 4554 Crayke
2894 4505 3018 4542 near

914 4573 946 4599 ‘⁴
982 4569 1249 4621 duxerat.”
1323 4566 1589 4633 (symeon,
1618 4565 1761 4617 Hist.
1779 4563 1919 4616 Eocl.
2012 4566 2173 4618 York.
2239 4567 2303 4617 In
2357 4566 2445 4618 the
2490 4566 2649 4619 Liber
2691 4566 2832 4619 Vitas
2874 4569 3017 4620 Eccl.

915 4650 1174 4712 Dunelm.,
1196 4650 1278 4702 ed.
1299 4647 1540 4710 Bedford,
1562 4662 1612 4711 p.
1638 4646 1748 4708 82.)
2013 4645 2252 4697 Dunelm.
2280 4649 2358 4710 (p.
2378 4646 2458 4709 6),
2498 4661 2687 4712 among
2721 4647 2810 4699 the
2850 4649 3016 4700 “ana-

982 4727 1005 4760 ³
1038 4727 1212 4793 Etha]
1233 4727 1348 4778 MS.
1408 4726 1520 4776 The
1537 4725 1685 4776 other
1701 4724 1919 4776 editions
2013 4728 2045 4753 “
2067 4724 2276 4776 choritoe
2293 4726 2327 4751 ''
2370 4724 2417 4776 is
2455 4724 2746 4779 mentioued
2787 4726 3017 4780 “Echha

917 4809 1037 4858 read
1082 4805 1238 4855 ΕοΙια.
1306 4806 1371 4855 111
1411 4804 1548 4856 A.D.
1594 4807 1687 4856 767
1731 4803 1920 4855 “Etha
2014 4805 2383 4869 “presbyter'’
