3600 5800
848 791 890 853 8
1459 801 1624 851 vri-A
1670 800 1999 851 mnrium
2046 802 2350 851 Emscom

850 994 1252 1061 cmv-risset
1268 994 1327 1076 ,·’'
1374 994 1476 1060 ita
1509 1001 1579 1060 et
1609 995 1737 1061 iste
1781 994 2196 1059 humillimus
2239 994 2458 1080 gentis
2502 999 2746 1060 nostrae
2791 994 2961 1080 igni-

513 1107 662 1157 Matt.
687 1104 773 1156 xii.
853 1096 1055 1175 culuS,
1087 1097 1423 1162 excitante
1453 1095 1611 1172 Dec,
1644 1117 1691 1161 a
1720 1095 1993 1181 finibus
2021 1095 2213 1162 {erroe
2257 1095 2506 1162 audire
2549 1095 2965 1181 sapientiam

518 1178 599 1224 ⁴²⁶
853 1198 1210 1285 praesulum
1254 1197 1502 1275 mundi,
1549 1197 1830 1283 Romam
1860 1197 2085 1275 venit3
2128 1202 2198 1263 et
2226 1196 2301 1260 in
2345 1197 2629 1263 oratorio
2651 1196 2676 1235 ¹
2723 1195 2965 1262 Sancto

516 1316 619 1365 and
641 1314 781 1365 visits
854 1302 1139 1366 Andreae
1212 1298 1530 1385 Apostolo
1606 1298 1921 1376 dedicatO,
1986 1304 2141 1363 ante
2215 1298 2440 1376 altare,
2505 1316 2705 1385 supra
2778 1297 2965 1383 cujus

520 1380 818 1497 fflesffffill}
856 1404 1306 1470 summitatem
1352 1406 1637 1486 quatuor
1681 1400 2046 1486 Evangelia
2103 1401 2322 1486 posita
2373 1407 2578 1478 erant,
2626 1400 2967 1465 humiliter

521 1515 657 1564 drew
674 1516 833 1574 there,
856 1505 1317 1592 genuflectens,
1364 1502 1715 1588 adjuravit,
1748 1502 1823 1577 in
1868 1502 2131 1567 nomine
2177 1501 2449 1568 Domini
2494 1502 2637 1579 Dei,
2684 1502 2965 1587 Aposto-
3005 1558 3016 1567 ,

858 1603 1044 1684 lum,2
1124 1626 1243 1691 pro
1320 1603 1467 1683 Quo
1546 1624 1775 1688 passus
1838 1609 1954 1681 est,
2001 1608 2082 1669 ut
2142 1625 2261 1689 pro
2323 1625 2444 1668 sua
2504 1603 2966 1668 intercessione

523 1723 692 1773 where
712 1720 792 1771 his
860 1708 1186 1775 Dominus
1232 1707 1293 1773 ei
1354 1705 1616 1792 legendi
1679 1706 2037 1791 ingenium,
2084 1711 2155 1771 et
2206 1706 2482 1772 docendi
2541 1706 2615 1769 in
2655 1705 2967 1791 gentibus

524 1787 836 1904 ωξιέζῑξζὲ
861 1809 1303 1895 eloquentiam
1369 1807 1880 1893 Evangeliorum
1941 1806 2354 1873 concedisset.
2440 1807 2530 1872 Et
2582 1808 2676 1872 sic
2719 1805 2967 1872 factum

525 1869 740 1970 ἐξίππευ-
863 1919 978 1993 est,
1025 1920 1105 1979 ut
1155 1914 1516 1978 multorum
1574 1911 1957 1977 testimonio
2017 1912 2492 1997 comprobatur.
2615 1911 2793 1976 Nam
2852 1932 2971 1997 per

522 1987 799 2116 Qffgss'egf‘
864 2016 1108 2081 multos
1167 2037 1422 2082 menses
1456 2012 1610 2080 ‘loca
1655 2013 2048 2080 Sanctorum
2099 2015 2280 2079 omni
2326 2014 2433 2079 die
2478 2014 2565 2079 ad
2608 2014 2970 2079 orationem

865 2118 1269 2194 circumiens,
1338 2115 1602 2181 invenit
1660 2116 1993 2181 doctorem
2053 2115 2182 2180 sibi
2242 2116 2529 2181 amicum
2588 2138 2708 2201 per
2755 2115 2972 2180 Deum

513 2226 806 2343 Ιξξῃίεῒέιᾶὶ
866 2225 936 2284 et
963 2217 1356 2303 Apostolum
1401 2216 1663 2282 fidelem
1706 2215 1974 2294 factum,
2004 2217 2271 2282 nomine
2302 2216 2716 2282 Bonifacium
2762 2214 2972 2283 archi-

528 2309 553 2341 s
641 2309 667 2342 c
806 2309 841 2358 y

528 2358 791 2475 312sz

524 2492 735 2553 descen,
756 2489 808 2540 in

530 2557 616 2606 the
639 2559 821 2609 Easter

531 2630 732 2674 contro-

531 2704 700 2754 versy,
724 2691 835 2751 &c.,

867 2319 1220 2395 diaconem,
1269 2339 1478 2383 unum
1537 2339 1623 2383 ex
1668 2316 2057 2383 consiliariis
2117 2318 2693 2403 sapientissimum,
2741 2338 2782 2382 a
2842 2337 2972 2401 quo

867 2425 1149 2505 quatuor
1180 2418 1544 2505 Evangelia
1573 2418 1825 2485 Christi
1871 2420 2154 2505 perfecte
2185 2419 2456 2499 didicit3
2496 2425 2564 2484 et
2595 2418 2974 2484 Paschalem

867 2521 1204 2598 rationem,
1274 2543 1474 2606 quam
1543 2521 1943 2588 schismatici
2011 2522 2412 2588 Brittanniae
2495 2527 2565 2586 et
2630 2519 2974 2586 Hiberniae

865 2644 999 2688 non
1030 2629 1491 2709 cognoverunt,
1524 2624 1611 2689 et'
1630 2624 1792 2689 alias
1840 2624 2083 2690 multas
2114 2625 2565 2691 ecclesiasticae
2611 2625 2976 2711 disciplinae

866 2724 1125 2810 regulas
1156 2724 1535 2791 Bonifacius
1569 2724 2082 2803 archidiaconus,
2114 2726 2304 2811 quasi
2347 2728 2612 2813 proprio
2657 2726 2795 2792 filio
2840 2748 2975 2803 su0,

529 2833 631 2882 and
654 2832 696 2881 is
720 2830 796 2881 in·
870 2825 1222 2912 diligenter
1267 2825 1563 2892 dictavit.
1657 2827 1925 2892 Etenim
1975 2832 2303 2915 postremo
2347 2828 2780 2914 praesentavit
2825 2838 2976 2893 eum

528 2899 845 3029 *tffedgssffg’m
866 2948 1055 3012 papae
1073 2924 1099 2966 ³
1142 2928 1356 2993 beatae
1400 2928 1747 3008 memoriae,
1791 2935 1863 2995 et
1906 2951 2165 2994 omnem
2212 2921 2499 2996 causam'
2521 2931 2778 2996 itineris
2824 2924 2989 2996 ado?

519 3032 648 3145 {ibo
657 3032 846 3082 blesam
866 3029 1211 3094 lescentuli
1272 3029 1445 3094 servi
1509 3029 1640 3095 Dei
1700 3030 2094 3097 mirabiliter
2152 3032 2485 3112 ostendit3
2552 3033 2669 3118 qui
2729 3053 2978 3119 ponens

586 3112 653 3147 ¹¹¹⁶
866 3151 1139 3195 manum
1206 3152 1395 3196 suam
1455 3131 1872 3199 benedictam
1931 3154 2130 3218 super
2172 3138 2375 3219 caput
2433 3134 2592 3219 ejus,
2641 3155 2792 3200 cum
2836 3154 2979 3198 ora·

865 3232 1049 3298 tione
1095 3231 1440 3298 benedixit
1491 3255 1659 3299 eum.
1798 3234 1922 3300 Ille
1967 3257 2125 3300 vcro
2185 3258 2415 3301 servus
2475 3237 2620 3314 Dei,
2667 3259 2818 3303 cum
2881 3257 2980 3301 re-

866 3333 1225 3419 liquiarum
1300 3341 1696 3414 sanctarum,
1773 3357 1940 3421 quas
2014 3335 2154 3404 illic
2228 3337 2503 3415 invenit,
2555 3338 2838 3414 auxilio,
2907 3338 2982 3400 in

534 3438 617 3488 He
645 3446 844 3488 returns
866 3457 1025 3522 pace
1100 3437 1352 3502 Christi
1441 3437 1868 3524 profecturus,
1945 3439 2190 3505 iterum
2263 3440 2351 3506 ad
2439 3423 2728 3526 patrem'
2786 3460 2980 3504 suum

534 3513 587 3555 to
610 3506 799 3570 Lyons.

867 3535 1428 3622 archiepiscopum
1516 3537 1906 3624 Lugdunae,⁴
1966 3539 2202 3607 Galliae
2263 3540 2574 3617 civitatis,
2645 3539 2979 3608 commode

864 3638 1186 3729 pervenit.

943 3908 960 3941 ¹
986 3908 1116 3959 This
1140 3923 1259 3969 was,
1282 3923 1349 3960 no
1373 3909 1550 3971 doubt,
1575 3910 1664 3960 the
1685 3924 1888 3960 monas-

1975 3911 2119 3962 these
2158 3913 2330 3962 sheets
2368 3928 2503 3963 were
2543 3911 2597 3961 in
2633 3909 2724 3961 the
2759 3926 2916 3975 prese,
2950 3927 2982 3959 a

870 3995 990 4051 'tery
1023 3986 1083 4038 of
1119 3986 1194 4039 St.
1218 3987 1444 4037 Andrew
1479 4001 1546 4044 on
1569 3988 1656 4038 the
1692 3988 1888 4039 Coelian

875 4065 1006 4128 Hm,
1051 4067 1140 4116 the
1181 4065 1332 4115 home
1382 4065 1442 4115 of
1495 4065 1732 4131 Gregory
1786 4069 1890 4117 and

876 4143 1189 4209 Augustusne,
1210 4145 1317 4194 and
1354 4158 1424 4195 on
1460 4144 1572 4193 that
1609 4153 1828 4197 account
1859 4162 1891 4197 a

872 4231 1014 4274 most
1058 4224 1236 4273 sacred
1280 4222 1424 4286 place
1463 4229 1518 4274 to
1551 4238 1653 4288 any
1686 4222 1890 4290 pilgrim

874 4300 1011 4352 from
1033 4302 1290 4366 England.

945 4379 968 4412 2
1003 4377 1315 4445 Apostolum]
1371 4379 1466 4442 A.;
1501 4379 1893 4446 Apostolorum,

947 4533 970 4568 ³
1002 4536 1259 4603 Probably
1282 4537 1538 4604 Eugenins
1560 4540 1623 4601 1.,
1645 4540 1761 4590 who
1788 4554 1893 4591 was

883 4629 1014 4680 pope
1052 4614 1186 4670 from
1227 4620 1326 4667 654
1348 4624 1403 4666 to
1433 4622 1550 4679 657,
1586 4620 1677 4668 but
1713 4618 1814 4668 this
1849 4618 1893 4667 is

885 4703 976 4745 not
997 4694 1203 4747 certain.
1271 4695 1473 4763 During
1503 4698 1592 4748 the
1626 4697 1746 4749 time
1780 4699 1893 4760 that

1975 4005 2103 4055 very
2118 3991 2436 4041 remarkable
2459 3989 2726 4052 discovery
2739 3997 2794 4037 at
2813 3988 2984 4039 whit-

1976 4068 2048 4132 by
2069 4068 2164 4118 has
2199 4084 2343 4119 come
2364 4075 2421 4118 to
2455 4083 2544 4131 my
2565 4066 2749 4116 notice.
2817 4066 2882 4115 In
2915 4080 2983 4114 an
3027 4057 3042 4078 ⁸

1977 4145 2182 4197 ancient
2204 4145 2512 4209 shell-heap,
2535 4143 2701 4195 which
2739 4144 2834 4193 has
2869 4158 2985 4208 pro-

1977 4225 2141 4275 duced
2186 4224 2383 4274 several
2428 4222 2578 4274 relies
2622 4222 2682 4273 of
2734 4222 2985 4275 wilfrid’s

1977 4318 2093 4369 age,
2115 4318 2147 4352 a
2167 4303 2352 4352 leaden
2383 4300 2541 4364 bulla,
2562 4304 2723 4353 about
2755 4303 2846 4353 the
2880 4301 2987 4353 size

1978 4381 2039 4434 of
2056 4398 2088 4430 a
2111 4380 2336 4446 shilling,
2357 4381 2452 4431 has
2474 4383 2607 4432 been
2628 4381 2808 4443 found,
2840 4383 2986 4432 bear-

1979 4460 2069 4526 ing
2100 4460 2190 4510 the
2225 4459 2537 4525 incription,
2559 4465 2594 4489 “
2609 4459 2679 4528 -1-
2697 4474 2990 4517 noim-Am

1978 4544 2011 4568 “
2043 4536 2112 4606 *1-
2137 4565 2207 4579 —
2237 4538 2307 4606 q-
2338 4553 2642 4592 anstinuo
2675 4539 2794 4607 *1-J’
2860 4540 2912 4590 1t
2944 4538 2989 4589 is

1979 4633 2096 4669 now
2117 4616 2172 4668 in
2194 4617 2281 4669 the
2306 4617 2519 4684 Whitby
2541 4633 2789 4670 museum.

2046 4696 2066 4730 ⁴
2099 4695 2386 4764 Luqdnmoe]
2417 4698 2695 4764 Lugduno,
2717 4698 2789 4750 A.
