3600 5800
1290 880 1609 930 Auo-rom:
1653 879 2015 929 mommo,
2582 863 2714 930 457

607 1067 778 1153 quia
831 1088 941 1152 390
986 1065 1346 1133 Dominus.
1426 1067 1838 1151 Interempto
1868 1066 2147 1151 praefato
2193 1067 2507 1154 principe,
2539 1087 2715 1132 com·

609 1170 775 1235 moti
820 1173 978 1234 sunt
1022 1169 1220 1236 duces
1267 1176 1335 1234 et
1380 1170 1699 1236 satellites
1728 1168 1860 1233 viri
1906 1174 1975 1235 et
2018 1169 2341 1247 mulieres,
2373 1169 2716 1254 omnisque

610 1292 822 1336 sexus,

702 1372 861 1437 Post
902 1373 1047 1439 haee
1110 1372 1396 1439 eximius
1440 1376 1631 1457 pater
1675 1371 2067 1440 Dunstanus
2118 1377 2187 1437 et
2240 1373 2439 1439 decus
2501 1372 2714 1437 omnis
2741 1380 2853 1431 'rho
2875 1382 3027 1432 death

611 1474 862 1560 patriae,
904 1497 988 1540 ex
1032 1474 1158 1541 hac
1184 1475 1330 1540 luce
1362 1474 1754 1552 subtractus,
1785 1475 1873 1542 ad
1918 1481 2185 1540 aeternae
2207 1472 2231 1512 ¹
2260 1474 2427 1540 lucis
2471 1474 2715 1559 gaudia
2739 1446 2957 1576 ἓξὲξ

612 1581 892 1641 ovanter
967 1582 1071 1642 est
1144 1575 1514 1662 perductus.
1639 1574 1943 1655 Qualiter
2016 1575 2289 1641 caerulos
2368 1575 2716 1640 aestuantis
2741 1579 2993 1630 Dunstan.

614 1680 810 1744 undae
886 1678 1176 1745 fervores
1252 1678 1763 1763 exsuperaverit,
1830 1682 1900 1742 et
1962 1677 2287 1761 quomodo
2360 1675 2717 1761 pueritiam

612 1802 750 1846 suae
793 1780 1165 1867 pubertatis
1209 1780 1576 1845 misericors
1621 1780 1833 1844 totius
1878 1779 2112 1844 mundi
2145 1777 2453 1844 Salvator
2497 1799 2715 1843 serva-

614 1881 806 1959 verit,
872 1888 1075 1967 atque
1142 1881 1525 1969 juventutis
1589 1881 1993 1967 praeconium
2069 1878 2545 1956 sublimaverit,
2608 1879 2717 1945 vel

616 1982 1003 2048 florentibus
1071 1983 1354 2067 compsit
1427 1981 1704 2058 actibus,
1774 1981 1916 2046 sive
1981 1980 2309 2067 quomodo
2385 1985 2716 2046 senectam
2744 1980 2799 2032 A
2819 1984 2977 2034 refer.

563 2103 751 2149 ·suae
814 2087 1058 2149 sanctae
1103 2082 1462 2148 senectutis
1515 2081 1782 2159 finierit,
1828 2080 1997 2146 fiber
2061 2081 2354 2168 ejusdem
2400 2081 2560 2147 vitae
2606 2082 2718 2147 de-
2743 2055 2946 2166 ἱῖἕξζὲ
2969 2066 3001 2101 ⁸

613 2186 897 2271 scriptus
940 2185 1086 2251 luce
1132 2184 1373 2251 clarius
1419 2181 1875 2250 demonstrat.2
2745 2182 3000 2233 Dunstan-

708 2287 1050 2367 Quomodo
1092 2308 1250 2352 vero
1294 2286 1543 2350 bellum
1573 2284 1765 2350 virile
1810 2284 2015 2371 gessit
2058 2303 2208 2349 cum
2238 2282 2503 2362 Zabu10‚
2536 2291 2719 2350 stans

616 2389 689 2453 in
754 2387 1177 2466 orationibus,
1224 2387 1453 2475 paucis
1515 2387 1733 2474 placet
1784 2386 2006 2451 verbis
2070 2385 2452 2472 exprimere.
2546 2384 2716 2451 Cum

617 2495 827 2556 staret
870 2495 1060 2556 nocte
1121 2490 1409 2576 quadam
1454 2489 1525 2552 in
1591 2487 1895 2575 precibus
1942 2486 2243 2565 Sanctus,
2293 2508 2437 2552 ecce
2499 2487 2720 2554 adfuit
2744 2492 2982 2569 Dunstpn

617 2591 940 2668 inimicus,
990 2612 1186 2677 quem
1249 2590 1555 2655 manibus
1609 2589 1897 2674 sumpsit
1960 2595 2030 2653 et
2073 2587 2503 2674 multipharie
2567 2609 2717 2655 cum
2744 2559 3048 2676 ἴζὲἓῒξίῗῗε

618 2715 695 2759 eo
740 2694 1054 2761 luctando
1099 2693 1458 2759 dimicavit.
1553 2692 1676 2757 Ille
1721 2713 1895 2769 vero,
1941 2691 2177 2756 videns
2222 2712 2373 2757 eum
2420 2712 2542 2758 sua
2584 2692 2719 2757 vir-
2746 2704 2843 2756 See
2867 2704 3015 2756 Ano-

617 2803 764 2863 tute
831 2818 969 2862 non
1026 2818 1215 2884 posse
1276 2796 1557 2873 vincere,
1622 2794 1969 2862 invocavit
2028 2794 2306 2860 Domini
2370 2796 2719 2874 auxilium,
2745 2785 2962 2888 ¹1²3}ssss

618 2899 913 2979 dicendo,
958 2902 1277 2987 Emmme,
1344 2899 1539 2977 Deus,
1587 2896 2017 2985 dissipentur
2073 2920 2362 2966 ἰητωιηωι
2413 2897 2604 2985 Ejus,
2652 2905 2722 2965 et
2744 2905 3001 2966 Dunstan,

618 3009 870 3070 caetera.
964 3002 1093 3067 His
1159 3001 1410 3067 auditis
1476 3001 1809 3088 malignus
1872 3004 1941 3066 et
1986 3000 2401 3066 adversarius
2462 3001 2721 3087 generis
2744 2976 3059 3103 ¹122?ssssst-

619 3105 846 3191 fugam
900 3104 1091 3169 iniit:
1154 3103 1331 3189 quod
1378 3124 1650 3198 cernens
1694 3103 1932 3167 beatus
1977 3102 2128 3187 plus
2176 3102 2382 3188 coepit
2426 3104 2718 3187 psallere,
2748 3122 2799 3167 1.

616 3207 827 3272 sciens
887 3203 1319 3291 proculdubio
1389 3203 1566 3287 quod
1588 3200 1615 3239 ³
1679 3206 1915 3266 cantus
1961 3201 2367 3286 psalmorum
2431 3203 2723 3269 multum

621 3309 899 3392 prosunt
941 3305 1257 3370 adversus
1301 3302 1824 3369 machinationes
1869 3302 2201 3367 daemonis.

709 3405 1100 3472 Dunstanus
1145 3404 1387 3491 praesul
1432 3403 1580 3480 fide,
1625 3424 1740 3488 spe
1800 3402 2163 3481 roboratus,
2210 3407 2281 3468 et
2323 3402 2578 3472 Divina
2622 3405 2722 3472 di-

619 3506 900 3574 lectione
930 3511 1000 3574 et
1028 3505 1479 3593 familiaritate
1509 3525 1684 3569 verae
1706 3503 1994 3589 justitiae
2025 3504 2414 3590 conjunctus
2439 3505 2722 3586 Christo,

621 3630 878 3695 semper
939 3607 1201 3673 studuit
1268 3605 1441 3670 Eum
1508 3606 1873 3691 deposcere,
1918 3609 1998 3669 ut
2063 3606 2152 3670 ad
2216 3605 2380 3692 Ejus
2445 3608 2724 3675 visionis

621 3709 1079 3777 celsitudinem
1122 3708 1469 3795 pervenire
1532 3711 1940 3787 mereretur;
1983 3707 2099 3773 sed
2168 3707 2518 3775 clementia
2583 3711 2723 3796 pie-

621 3812 785 3877 tatis
830 3811 994 3897 Ejus
1046 3809 1302 3876 diutius
1365 3831 1518 3875 eum
1563 3808 1860 3874 servavit
1927 3809 1999 3874 in
2045 3810 2418 3890 certamine,
2466 3818 2545 3878 ut
2606 3834 2725 3900 per

621 3914 869 3979 vitreos
915 3912 1072 3979 salsi
1115 3911 1460 3977 marmoris
1506 3931 1770 3996 campos
1816 3910 2145 3977 laboraret
2189 3911 2262 3976 in
2321 3913 2515 3992 arvis,
2562 3935 2722 4000 qua-

622 4021 817 4082 tenus
894 4021 1060 4103 post‚
1125 4019 1206 4080 ut
1279 4014 1594 4095 emeritus
1668 4014 1874 4091 miles,
1951 4013 2182 4079 callem
2256 4014 2501 4082 faceret
2574 4039 2724 4084 cum

620 4119 833 4205 gloria
875 4119 947 4182 in
1008 4117 1222 4194 astris,
1269 4115 1539 4201 Agnum
1602 4108 1899 4200 sequens,
1945 4116 2231 4182 amictus
2298 4118 2486 4183 stolis
2531 4119 2717 4186 albis.

623 4220 943 4307 Contigit,
991 4217 1171 4304 quod
1232 4216 1471 4282 referre
1516 4237 1654 4282 non
1696 4217 1885 4303 piget
1927 4222 2172 4282 nostrae
2227 4218 2489 4306 exiguae
2536 4241 2723 4308 saga-
2749 4222 2982 4301 Another

623 4322 830 4399 citati,
877 4326 957 4386 ut
1001 4321 1249 4385 Beatus
1313 4319 1440 4384 iste
1484 4318 1747 4383 veniret
1814 4318 1901 4383 ad
1963 4320 2185 4383 sedem
2230 4320 2337 4383 sui
2400 4320 2722 4408 archiepi·
2744 4292 2985 4420 ¹333„
3012 4370 3060 4422 is

622 4427 945 4509 scopatu8‚
993 4442 1143 4508 quae
1206 4424 1308 4485 est
1354 4417 1649 4500 Cantiae3
1723 4420 1842 4505 qui
1904 4419 2064 4483 dum
2125 4420 2372 4486 ibidem
2440 4429 2724 4491 certaret
2745 4434 3038 4566 &agnum—

690 4696 707 4728 ¹
744 4694 816 4745 ad
837 4693 1056 4760 (ειη-κω]
1094 4694 1188 4744 ade
1209 4699 1260 4743 et
1279 4692 1487 4753 haerere,
1510 4690 1625 4742 MS.
1717 4692 1816 4743 See
1855 4691 1998 4742 Prof.
2024 4692 2235 4744 Stubbs’
2266 4694 2481 4747 Pteface
2522 4702 2576 4749 to
2612 4699 2723 4752 Me-

689 4775 712 4808 2
744 4775 853 4826 The
874 4773 1087 4825 allusion
1115 4773 1163 4823 is
1199 4777 1254 4823 to
1291 4771 1378 4821 the
1415 4770 1627 4836 Anony-
1714 4770 1925 4821 morials
1948 4770 2009 4820 of
2033 4772 2282 4832 Dunstan,
2306 4790 2356 4838 p.
2379 4773 2453 4826 lx.

623 4871 771 4906 mous
787 4852 902 4904 Life
919 4852 982 4904 of
993 4853 1231 4903 Dunstan
1265 4854 1297 4880 ‘⁶
1313 4856 1516 4901 auctore
1529 4849 1627 4900 B.’'
1779 4849 1803 4882 ³
1838 4849 1997 4916 quod]
2026 4866 2257 4914 quorum,
2281 4853 2394 4905 MS.
