3600 5800
795 865 924 930 294
1552 879 1719 929 ALIA
1761 879 2123 938 narr-Aoum

884 1061 1077 1142 Quod
1121 1062 1178 1127 si
1214 1063 1476 1149 aliquis
1534 1063 1767 1129 audita
1824 1065 2213 1151 singillatim
2272 1063 2590 1134 miracula
2645 1065 2895 1154 pariter

791 1171 861 1228 et
905 1164 1051 1231 visa
1111 1165 1356 1251 scripto
1416 1165 1620 1231 vellet
1680 1168 2000 1253 prosequi,
2048 1188 2309 1235 enorme
2353 1168 2665 1235 volumen
2706 1170 2891 1236 vide-

791 1274 974 1332 retur
1036 1289 1434 1354 componere.
1550 1269 1690 1355 Ego
1752 1292 1910 1337 vero
1976 1270 2102 1337 hoc
2163 1271 2484 1350 devitans,
2530 1273 2717 1358 quasi
2776 1294 2891 1359 pa-

790 1373 1045 1434 tentem
1089 1370 1326 1434 silvam
1385 1369 1774 1455 ingrediens,
1823 1393 1908 1437 ex
1973 1372 2204 1437 multis
2263 1373 2605 1438 arboribus
2652 1394 2892 1459 paucos

788 1473 1136 1539 ramiculos
1181 1473 1545 1558 decerpens,
1600 1473 1695 1540 sic
1737 1495 1774 1539 e
1817 1474 2045 1539 multis
2106 1474 2379 1543 mirifice
2437 1477 2641 1562 gestis
2685 1498 2894 1562 pauca
3032 1536 3037 1541 .

789 1579 1032 1651 retexo,
1079 1579 1159 1638 ut
1201 1574 1447 1659 posteri
1504 1574 1714 1640 nostri
1774 1575 1989 1641 sciant
2034 1576 2234 1642 etiam
2292 1577 2534 1641 nostris
2579 1578 2890 1663 tempori-

790 1677 915 1741 bus
979 1675 1296 1742 Sanctum
1337 1675 1385 1740 J
1387 1675 1710 1742 ohannem
1755 1677 2219 1743 miraculorum
2261 1677 2471 1763 gloria
2535 1679 2890 1743 admodum

455 1803 539 1852 He
560 1817 700 1852 men-
791 1781 1101 1846 floruisse.
1194 1781 1284 1846 Et
1328 1781 1630 1867 quamvis
1678 1803 1762 1846 ex
1807 1781 2124 1847 relatione
2169 1781 2527 1847 multorum
2572 1782 2889 1849 memoria

453 1868 728 1986 ‘ig-{offla
789 1883 980 1948 firma
1022 1882 1359 1959 habeatur,
1405 1888 1631 1947 tamen
1690 1883 1951 1975 scriptis
2012 1884 2467 1949 commendata
2522 1884 2733 1969 magis
2777 1883 2887 1947 fir·

453 1952 541 2052 Ehe
558 2002 764 2053 mii-acle
788 1989 978 2067 mant
1020 1988 1090 2049 et
1133 1987 1382 2049 acuunt
1424 1982 1822 2048 memoriam.
1915 1984 2094 2048 Illud
2137 2006 2294 2050 vero
2339 1984 2595 2071 insigne
2640 1984 2889 2050 factum

456 2068 517 2118 ⁰f
531 2069 717 2119 Athel-
789 2087 870 2152 de
914 2107 1067 2171 rege
1110 2083 1488 2161 Adelstan0‚
1533 2088 1758 2148 nostro
1819 2084 1999 2170 operi
2044 2083 2196 2149 volo
2248 2106 2589 2172 apponere,
2637 2085 2809 2152 sicut
2848 2105 2894 2150 a

789 2188 1172 2276 parentibus
1239 2186 1480 2251 nostris
1547 2190 1617 2251 et
1689 2207 1732 2252 a
1803 2186 2466 2273 comprovincialibus
2526 2186 2891 2252 senioribus

788 2291 1007 2367 veraci
1051 2289 1269 2355 relatu
1311 2287 1550 2368 didici;
1612 2287 1770 2379 quia
1826 2308 2155 2374 nusquam
2215 2288 2385 2353 illud
2428 2288 2747 2377 scriptum
2792 2310 2891 2352 re-

786 2392 943 2479 peri.
1057 2390 1206 2457 Hoc
1264 2389 1465 2455 etiam
1525 2408 1780 2453 summo
1844 2410 2037 2476 opere
2098 2388 2402 2477 efflagito,
2449 2390 2628 2475 quod
2668 2388 2891 2454 nullus

788 2493 1126 2559 existimet
1185 2512 1291 2557 me
1352 2512 1570 2557 amore
1637 2491 1744 2556 sui
1806 2491 1917 2555 vel
1980 2491 2199 2578 gratia
2263 2491 2479 2556 laudis
2547 2491 2890 2578 captandae

787 2596 1013 2681 aliqua
1062 2594 1372 2674 finxisse3
1434 2592 1550 2657 sed
1610 2614 1759 2678 quae
1807 2614 1982 2672 vera,
2046 2614 2090 2658 a
2132 2591 2631 2679 quampluribus
2652 2593 2892 2659 adhuc

788 2696 1227 2765 existentibus
1271 2695 1516 2783 agnita,
1562 2695 1847 2781 simplici
1890 2695 2068 2782 stylo
2113 2695 2420 2782 digerere.

452 2808 568 2887 'ljhe
590 2809 736 2862 Scot—
876 2801 1223 2886 Regnante
1275 2798 1528 2885 inclyto
1572 2819 1724 2885 rege
1768 2797 2151 2877 Adelstano,
2197 2798 2343 2862 viro
2388 2796 2723 2875 catholico,
2771 2797 2888 2882 qui

451 2876 562 3008 ἓξὲξ
574 2875 727 3011 Ἐξ,
787 2902 1233 2969 monarchiam
1277 2901 1483 2969 totius
1543 2899 1807 2988 Angliae
1867 2902 2102 2979 tenuit,
2151 2898 2498 2966 Scotorum
2557 2923 2677 2966 rex
2736 2922 2887 2966 cum

449 3011 572 3060 land
592 3017 763 3063 vaste.
788 3006 925 3071 suis
978 3004 1259 3071 transito
1303 3003 1525 3082 fluvio,
1574 3004 1750 3089 quod
1812 3003 2058 3068 dividit
2099 3001 2467 3087 Anglorum
2509 3023 2785 3088 regnum
2846 3024 2889 3069 a

790 3109 1030 3188 Scotia
1093 3109 1299 3195 coepit
1365 3107 1750 3194 depopulari
1794 3106 2007 3184 villas,
2070 3105 2366 3172 homines
2428 3106 2881 3184 exterminare,
2908 3100 3089 3221 20ξὲ-

788 3233 977 3299 agros
1024 3211 1424 3298 depraedari3
1489 3216 1571 3289 et,
1618 3214 1698 3274 ut
1741 3230 1977 3274 verum
2019 3206 2246 3290 fatear,
2292 3211 2506 3273 totam
2550 3209 2884 3293 regionem
3076 3209 3089 3222 '

789 3315 861 3378 in
915 3313 1382 3381 exterminium
1441 3301 1806 3380 conabatur
1867 3310 2189 3377 deducere
2254 3309 2329 3374 in
2387 3310 2886 3397 septentrionali

450 3427 726 3480 Athelmn
788 3421 976 3503 parte
1049 3415 1325 3504 Angliae.
1451 3413 1659 3494 Quod,
1735 3412 1915 3478 fama
1981 3412 2302 3490 evolante,
2378 3433 2529 3478 cum
2572 3413 2888 3499 praefatus

449 3497 685 3613 ¹¹²⁸¹I⁰n¹gt⁶⁸
788 3519 1190 3584 Adelstanus
1282 3515 1717 3602 comperisset,
1795 3520 2188 3602 congregato
2264 3513 2560 3580 exercitu
2650 3517 2891 3581 statuit

453 3575 581 3680 {ffi-
789 3642 990 3706 quam
1035 3621 1233 3686 citius
1279 3639 1429 3684 cum
1488 3621 1746 3684 armata
1787 3633 1994 3681 manu
2038 3615 2100 3681 ei
2147 3636 2518 3696 occurrere3
2578 3618 2890 3703 provisis-

452 3743 519 3793 1n
539 3742 765 3808 Lindsey
789 3743 916 3809 que
961 3722 1184 3802 itineri
1229 3719 1623 3796 necessariis,
1654 3717 2066 3805 propositum
2096 3717 2408 3804 carpebat
2451 3718 2594 3783 iter.
2689 3718 2890 3784 Oum—

453 3809 521 3860 he
542 3815 704 3859 ¹¹²⁰&
789 3846 918 3911 que
977 3826 1051 3889 in
1110 3823 1517 3911 provinciam
1577 3819 2103 3888 Lincolniensem
2165 3820 2554 3898 devenisset,
2616 3821 2887 3906 quidam

291 3903 334 3920 ν
453 3892 608 3941 many
630 3889 744 3940 per·

453 3945 573 3993 abus
594 3942 710 3993 who
790 3932 1079 4006 ovantes,
1148 3931 1289 3992 tam
1368 3945 1687 4011 pauperes
1771 3943 1972 4008 quam
2056 3921 2430 3999 mediocres,
2499 3920 2628 3986 sibi
2706 3923 2889 3988 obvii

453 4009 708 4139 ξξῇἓθξξ
788 4029 949 4097 facti
1025 4033 1199 4094 sunt.
1336 4026 1460 4090 Ille
1535 4046 1691 4091 vero
1766 4024 2180 4111 interrogans
2273 4044 2396 4102 eos,
2494 4044 2645 4108 quae
2718 4031 2889 4090 esset

459 4142 534 4194 St.
559 4140 721 4193 John.
790 4153 1013 4200 etiusa⁴
1045 4129 1222 4196 tanti
1283 4126 1526 4215 gaudii,
1560 4124 1690 4212 {vel
1754 4125 1933 4190 unde
2003 4124 2324 4203 venirent,
2394 4125 2887 4211 responderunt,

792 4234 969 4321 quod
1043 4232 1125 4298 de
1209 4228 1561 4295 Beverlaco
1636 4227 1959 4305 venirent,
2028 4226 2153 4291 ,ubi
2227 4232 2495 4292 sanctus
2561 4226 2887 4294 confessor

789 4337 837 4402 J
837 4336 1128 4403 ohannes
1164 4332 1481 4419 qubsdam
1511 4351 1597 4394 ex
1626 4329 1737 4408 eis,
1767 4328 1971 4395 variis
2002 4348 2339 4414 oppressos
2368 4327 2888 4408 infirmitatibus

789 4438 1008 4526 gratia
1066 4435 1196 4502 Dei
1259 4454 1451 4499 sanos
1495 4431 1833 4511 effecerat3
1899 4435 1970 4496 et
2029 4430 2172 4497 haec
2214 4435 2359 4496 erat
2419 4451 2618 4497 causa
2679 4436 2888 4499 tantae

790 4540 1063 4607 laetitiae.
1179 4537 1267 4602 Et
1311 4535 1467 4601 inde
1510 4535 1944 4621 progrediens,
1991 4533 2234 4598 iterum
2294 4532 2458 4598 alios
2502 4536 2891 4600 catervatim

792 4642 1134 4708 venientes
1210 4637 1439 4703 obvios
1504 4635 1783 4715 habuit3
1857 4634 2225 4720 inquisivit,
2295 4634 2473 4699 unde
2536 4635 2891 4717 venirent;

791 4744 893 4808 illi
938 4762 1093 4807 vero
1138 4738 1615 4826 responderunt
1644 4736 1823 4822 quod
1867 4737 1949 4802 de
1994 4734 2361 4814 BeverlacO,
2406 4735 2524 4800 ubi
2570 4737 2888 4823 quosdam
