3600 5800
1301 893 1622 954 merom:
1665 901 2026 952 mommo.
2585 886 2715 951 433

612 1089 859 1153 randus
904 1093 1094 1176 pater
1138 1110 1472 1176 capescere
1518 1089 1901 1176 promeruit,
1945 1089 2159 1154 veluti
2219 1088 2293 1153 in
2338 1086 2470 1153 fine
2515 1085 2716 1172 hujus

606 1189 850 1256 modici
894 1189 1109 1277 operis
1153 1190 1370 1277 placet
1413 1191 1712 1256 inserere.

700 1291 866 1357 Haec
896 1291 979 1357 de
1023 1291 1151 1358 loci
1197 1292 1525 1378 positione
1570 1291 1904 1359 sufficiant
1949 1291 2146 1370 dicta,
2187 1297 2258 1357 et
2300 1291 2357 1356 si
2402 1311 2536 1357 non
2567 1312 2712 1377 per-

610 1393 977 1478 spicacibus
1020 1393 1232 1460 literis
1277 1394 1656 1481 composita,
1693 1394 1899 1460 habet
1942 1399 2168 1460 tamen
2212 1394 2307 1460 sic
2352 1414 2422 1458 se
2466 1392 2715 1458 veritas

609 1493 751 1571 loci,
821 1494 1049 1580 sic(ut)
1125 1494 1565 1581 Philosophus
1582 1494 1608 1534 ¹
1669 1495 1971 1581 superius
2032 1495 2223 1560 dixit.
2318 1493 2713 1560 Censuimus

609 1616 836 1663 sereno
880 1597 1072 1664 corde
1131 1596 1257 1663 hoc
1323 1597 1397 1661 in
1457 1595 1601 1664 loco
1666 1596 1868 1663 finem
1934 1597 2152 1662 tertiae
2216 1596 2426 1683 partis
2486 1596 2714 1673 facere,

608 1698 831 1785 copias
890 1698 1241 1765 verborum
1303 1699 1657 1779 timentes3
1719 1698 1837 1764 sed
1882 1698 2195 1784 quoniam
2263 1697 2551 1784 plurima
2617 1696 2718 1762 di-

538 1878 541 1882 ,
608 1802 817 1888 cenda
859 1807 1035 1881 sunt,
1080 1823 1217 1869 non
1275 1806 1544 1887 portum
1606 1799 1966 1866 mansionis
2031 1799 2142 1867 hic
2204 1821 2467 1885 carpere
2535 1799 2715 1877 libet,

608 1906 724 1971 sed
787 1904 1087 1992 procellis
1162 1904 1575 1990 exsuperatis
1638 1923 1993 1990 parumper
2053 1901 2522 1987 aspirationem
2585 1900 2718 1988 spi-

608 2006 748 2071 ritu
822 2006 1040 2093 placet
1112 2005 1481 2092 percipere3
1557 2010 1626 2071 et
1700 2004 1795 2071 sic
1869 2007 2133 2090 recepta
2206 2002 2461 2068 virtute
2536 2002 2717 2069 viam

608 2108 881 2195 aggredi
943 2113 1246 2195 coeptam,
1311 2107 1695 2196 saevientem
1771 2106 2116 2173 inimicum
2192 2105 2580 2192 spemendo‚
2648 2110 2719 2171 et

607 2209 914 2296 clypeum
975 2208 1344 2276 Dominicae
1406 2206 1831 2296 protectionis
1893 2205 2302 2285 assumendo,
2366 2206 2716 2291 omniaque

608 2332 793 2378 arma
840 2311 1099 2376 Summi
1166 2310 1476 2377 Praesulis
1536 2308 2032 2388 reminiscend0‚
2080 2308 2322 2395 quibus
2366 2329 2409 2375 a
2472 2307 2558 2374 Se
2606 2309 2716 2375 de-

608 2413 784 2501 pulit
826 2413 1016 2479 illum
1062 2412 1507 2480 milliformem
1551 2434 1702 2480 cum
1747 2410 2060 2498 ampullis
2104 2410 2255 2476 suis,

1471 2648 1662 2736 [GAP.
1712 2648 1859 2735 IV.]

698 2804 782 2870 In
841 2805 1125 2874 culmine
1188 2806 1591 2873 constitutus
1653 2806 1989 2872 virtutum
2070 2807 2397 2894 pretiosus
2462 2806 2715 2874 Christi

605 2906 912 2989 famulus,
957 2931 1093 2996 non
1137 2909 1350 2976 solum
1415 2909 1759 2976 incelebris
1830 2914 2116 2976 sectator
2159 2911 2364 2997 coepit
2423 2933 2560 2977 esse
2606 2912 2715 2976 vel

610 3010 875 3079 Senecae
964 3013 1332 3078 inventoris
1421 3018 1750 3089 notarum,
1827 3012 1942 3078 sed
2033 3013 2280 3100 egregii
2371 3013 2715 3080 Romuleae

606 3114 791 3178 urbis
837 3114 1139 3201 Gregorii
1185 3113 1395 3201 patris
1447 3119 1759 3180 executor
1802 3113 2163 3178 fidissimus
2206 3114 2351 3178 fieri
2411 3135 2530 3200 pro
2576 3137 2716 3181 mo-

607 3214 766 3279 dulo
811 3214 1088 3292 studuit,
1136 3215 1255 3300 qui
1317 3214 1493 3279 dixit
1537 3214 1767 3300 praelia
1828 3213 2030 3297 hujus
2075 3215 2253 3293 vitae,
2299 3219 2369 3279 et
2432 3216 2718 3300 qualiter
2843 3275 2846 3279 .

611 3313 986 3380 Leviathan
1016 3319 1392 3400 serpentem
1423 3318 1797 3380 tortuosum
1829 3315 2133 3380 evincere
2162 3315 2291 3379 Dei
2320 3315 2576 3381 virtute
2611 3337 2715 3382 ro-

609 3415 830 3480 borati
861 3415 1149 3481 valeant.
1219 3415 1461 3481 Boreas
1490 3435 1779 3501 namque
1810 3414 2277 3501 frigidissimus
2307 3422 2564 3496 ventus,
2597 3418 2714 3502 qui

611 3523 680 3583 et
708 3516 954 3603 Aquilo
984 3518 1246 3596 dicitur,
1278 3538 1412 3582 non
1443 3517 1634 3582 illum
1665 3538 1708 3583 a
1736 3538 1857 3582 suo
1891 3524 2108 3604 coepto
2139 3539 2332 3606 opere
2379 3519 2713 3606 prohiberi

613 3620 862 3706 (potuit
885 3622 956 3706 2),
1002 3619 1162 3686 licet
1203 3640 1357 3685 suos
1410 3620 1747 3686 emitteret
1814 3619 1993 3685 diros
2036 3619 2235 3686 flatus
2280 3622 2367 3687 ab
2411 3621 2713 3690 Threicio

608 3727 820 3801 antr0,
867 3743 952 3788 ex
1017 3743 1148 3807 quo
1211 3721 1558 3808 procedere
1610 3721 1792 3800 solet,
1841 3722 2019 3807 quod
2065 3727 2165 3788 est
2208 3724 2282 3788 in
2327 3724 2712 3810 Aquilonali

606 3830 795 3911 parte
841 3824 1145 3910 positum.
1227 3823 1391 3889 Erat
1442 3822 1637 3902 enim,
1669 3829 1748 3889 ut
1791 3824 2055 3910 praefati
2101 3846 2342 3903 sumus,
2390 3832 2712 3894 autumno
2737 3835 2943 3889 oswald

606 3934 902 4012 tempore
931 3934 1035 3992 ter
1064 3931 1273 3992 ternae
1319 3932 1572 3992 exactae
1616 3926 2000 3993 ebdomadae
2032 3949 2180 3994 cum
2226 3929 2313 3993 ad
2357 3931 2708 4015 praefatum
2735 3914 2973 4036 ffigssy.

606 4035 873 4096 sanctus
935 4029 1041 4092 vir
1085 4049 1234 4095 cum
1302 4028 1495 4095 sociis
1561 4029 1750 4094 venit
1812 4028 2057 4111 locum,
2092 4029 2167 4095 in
2233 4052 2364 4116 quo
2432 4032 2709 4099 sollicite

605 4132 868 4200 curavit
926 4135 1271 4196 autumare
1333 4134 1571 4197 cuncta
1613 4130 1804 4209 bona,
1866 4131 2177 4218 replendo
2221 4132 2527 4199 horreum
2591 4136 2710 4200 tri-

606 4234 777 4301 ticeo
851 4234 1185 4299 frumento
1259 4233 1537 4320 aliisque
1612 4232 1991 4301 seminibus.
2104 4234 2251 4316 Quo
2260 4236 2417 4302 tidie
2481 4242 2710 4304 tenera

606 4335 1076 4423 discipulorum
1140 4336 1435 4411 membra
1518 4335 1689 4402 lacte
1754 4335 2136 4422 Apostolico
2198 4339 2543 4425 satagebat
2603 4360 2707 4405 ro-

604 4437 840 4517 borari,
888 4436 1130 4523 quibus
1191 4436 1521 4524 duplicem
1565 4437 1851 4505 contulit
1893 4437 2330 4517 refectionem,
2379 4445 2707 4526 quatenus

604 4539 876 4606 liberius
929 4537 1305 4626 lethargum
1371 4539 1673 4605 morbum
1719 4538 2142 4626 expellerent,
2187 4562 2306 4627 per
2349 4563 2546 4628 quem
2591 4544 2707 4609 ob-

1485 4788 1498 4821 ¹
1535 4790 1615 4841 tle.
1640 4791 1815 4842 Abho.

2324 4892 2366 4940 Ε
2398 4892 2441 4940 Ε
