3600 5800
919 884 1054 949 494
1790 897 2159 946 Arrnnmx.

919 1086 1142 1151 batem
1209 1086 1550 1172 Lestingai
1618 1087 2011 1152 Eboracensi
2075 1085 2364 1152 ecclesiae
2430 1086 2740 1172 praefecit.
2855 1087 3026 1150 Wil-

581 1191 694 1242 The
714 1198 872 1242 stom
917 1187 1128 1252 fridus
1172 1188 1442 1253 tandem
1487 1189 1575 1254 ad
1636 1189 1921 1274 patriam
1980 1189 2240 1253 rediens
2308 1189 2565 1253 marina
2627 1194 3026 1275 tempestate

580 1257 660 1308 off
670 1257 878 1309 sume*
916 1294 981 1350 in
1015 1297 1311 1367 regionem
1347 1295 1721 1353 Australium
1760 1298 2109 1368 [Saxonum]
2148 1289 2482 1375 paganicis
2532 1289 2858 1354 erroribus
2911 1289 3027 1353 de-

580 1382 816 1461 mmor,
916 1380 1173 1441 tentam
1219 1376 1576 1462 projicitur.
1669 1386 1975 1440 Fluctibus
2025 1402 2165 1441 vero
2219 1385 2284 1440 in
2332 1385 2494 1441 sinus
2543 1404 2679 1442 suos
2725 1386 2888 1441 illico
2932 1404 3025 1442 re-

581 1464 691 1513 mp·
716 1464 825 1499 ¹¹¹¹·
917 1475 1142 1539 tractis,
1181 1466 1423 1551 pagani
1458 1473 1750 1545 indigenae
1792 1472 2088 1536 advolant,
2115 1489 2324 1528 navem
2371 1478 2433 1527 et
2456 1474 2653 1528 omnia
2688 1491 2818 1544 quse
2851 1472 2917 1527 in
2953 1490 3027 1528 08

580 1568 706 1615 And
726 1566 816 1616 the
918 1568 1088 1616 erant
1122 1562 1184 1615 in
1230 1562 1333 1634 jus
1382 1580 1553 1618 suum
1590 1552 1953 1629 vindicant»,
2001 1556 2072 1615 et
2121 1565 2225 1615 aut
2279 1561 2622 1632 captivitate
2678 1566 2780 1615 aut
2836 1564 3027 1617 morte

580 1632 712 1749 ἔξω
732 1631 860 1682 Wsth
919 1648 1032 1703 sibi
1069 1648 1407 1706 resistentes
1453 1650 1748 1705 obstinato
1795 1649 1967 1704 corde
2003 1640 2342 1705 involvere
2386 1645 2781 1726 proponunt.
2875 1639 3025 1720 Quo

639 1714 702 1763 e1
749 1714 775 1765 ⁸
878 1735 891 1749 ⁸
916 1743 1197 1827 cognite,
1243 1742 1351 1807 vir
1394 1742 1523 1806 Dei
1568 1742 1903 1828 copiosum
1965 1742 2060 1806 eis
2118 1740 2548 1826 pecuniarum
2590 1740 3025 1806 thesauruml

916 1841 1203 1922 obtulit3
1249 1857 1310 1906 et
1345 1849 1424 1908 ut
1459 1852 1533 1906 ab
1567 1850 1896 1907 intentione
1945 1868 2052 1905 sua
2086 1849 2427 1906 recederent
2474 1851 2867 1922 postulatione
2914 1852 3024 1906 hu-

916 1938 1048 1993 mili
1082 1939 1404 1995 admonuit.
1504 1930 1803 2016 Cumque
1852 1938 1944 1993 illi
1994 1938 2305 2005 ferociores
2355 1938 2549 1993 effecti
2600 1952 2643 1995 a.
2687 1932 3023 2016 proposito

915 2017 1298 2084 nullatcnus
1343 2021 1638 2086 revocari
1683 2024 1974 2106 possent,
2026 2026 2323 2098 pontificis
2374 2028 2538 2094 socii,
2593 2029 2901 2099 praemissa.
2948 2028 3024 2084 ad

916 2117 1108 2173 Deum
1142 2137 1331 2190 prece,
1369 2138 1534 2176 811118
1568 2121 1885 2193 arripiunt,
1916 2118 2107 2188 magis
2154 2118 2419 2174 volentes
2466 2119 2624 2175 bello
2659 2120 3023 2185 occumbere,

918 2219 1093 2272 quam
1129 2201 1346 2273 ignava
1381 2204 1720 2275 captivitate
1755 2202 2041 2273 longioris
2077 2201 2216 2256 vitae
2255 2203 2446 2273 spatia.
2495 2203 2776 2259 servando
2811 2204 3025 2276 produ-

916 2310 1068 2348 cere.
1156 2286 1439 2373 Paganis
1484 2288 1711 2374 itaque
1756 2286 1894 2353 tela,
1938 2284 2397 2370 dirigentibus,
2446 2295 2815 2351 sacerdotum
2868 2295 3026 2368 priu-

916 2397 1053 2453 ceps
1090 2373 1417 2441 idolorum
1453 2387 1518 2441 in
1553 2387 1782 2442 tumulo
1829 2385 2056 2441 excelso
2092 2383 2216 2439 suis
2253 2374 2822 2441 incantationibus
2857 2383 3026 2454 quasi

917 2487 1053 2525 suos
1113 2473 1509 2532 benedicendo
1559 2476 1908 2540 confortare,
1962 2479 2023 2528 et
2064 2463 2198 2528 viri
2251 2463 2464 2529 sancti
2516 2472 2702 2527 socios
2751 2462 3025 2528 maledi-

914 2551 1121 2615 cendo
1155 2579 1437 2623 enervare
1471 2563 1795 2634 sategebat.
1869 2552 1975 2630 Et,
2023 2558 2208 2619 ecce!
2244 2551 2516 2639 juvenis
2560 2559 2819 2631 quidem,
2856 2550 3026 2615 Wil-

915 2637 1074 2703 fridi
1117 2650 1411 2716 minister,
1447 2650 1632 2706 funda
1664 2650 1922 2721 lapidem
1957 2651 2125 2723 jecit,
2180 2657 2241 2706 et
2300 2668 2542 2723 magum
2602 2640 2678 2703 in
2736 2639 3026 2705 frontem

915 2728 1291 2812 percutiens
1336 2728 1647 2794 extinxit.
1739 2728 2253 2815 Insui-gentibus
2284 2750 2440 2816 ergo
2482 2729 2794 2795 acerrime
2823 2750 3024 2816 paga-

920 2846 1160 2890 norum
1204 2827 1579 2906 insultibus
1627 2826 1977 2894 Wilfindus
2022 2830 2110 2895 ad
2145 2856 2351 2911 preces
2388 2856 2451 2894 se
2493 2838 2834 2911 prosternit.
2908 2840 3025 2895 Do-

917 2915 1079 2970 mino
1130 2920 1329 2971 sutem
1386 2934 1493 2989 pro
1546 2916 1681 2972 Suis
1731 2924 2049 2989 pugnante,
2105 2920 2346 2975 inimica
2402 2936 2611 2975 manus
2670 2920 2913 2976 confusa
2962 2926 3026 2977 et

916 2993 1077 3051 victa
1112 2995 1383 3051 discedit.
1457 2995 1738 3074 Cumque
1771 2998 1950 3053 tertio
1996 2998 2161 3063 victi,
2201 3016 2266 3054 se
2313 2997 2388 3054 ad
2434 3004 2708 3070 quartum
2750 3000 3026 3072 praelium

917 3090 1193 3156 pararent
1231 3103 1367 3141 cum
1402 3102 1546 3157 rege
1584 3103 1711 3152 sue,
1738 3085 1969 3143 meritis
2006 3077 2220 3142 sancti
2262 3077 2396 3141 viri
2431 3086 2621 3142 multo
2646 3093 2783 3142 ante
2817 3086 3024 3143 horam

915 3189 1078 3228 111810
1113 3172 1355 3240 effluxit,
1393 3190 1607 3229 navem
1657 3173 1890 3238 extulit,
1931 3179 1992 3228 et
2040 3175 2301 3247 quinque
2349 3187 2618 3230 suorum
2663 3165 2875 3230 solum
2920 3187 3027 3232 oc-

914 3252 1083 3331 01818,
1120 3267 1383 3318 sanctum
1421 3261 1532 3318 Dei
1566 3261 1630 3316 in
1668 3260 1988 3318 Sandicum
2023 3268 2260 3333 portum
2294 3280 2569 3336 prospere
2607 3263 2816 3319 evexit.

578 3363 785 3416 wilfrid
1005 3354 1098 3419 Et
1138 3354 1414 3419 audiens
1479 3353 1776 3419 Ceddam
1843 3352 1975 3417 sibi
2043 3355 2494 3441 subrogatum,
2545 3354 2790 3434 placido
2844 3360 3029 3420 vultu

573 3431 768 3561 ἓξὲξ
773 3439 976 3549 ‘gumi
948 3455 1210 3511 thiiari
1267 3461 1506 3528 pectore
1557 3455 1779 3526 Ripum
1827 3454 2102 3525 perrexit,
2142 3456 2343 3528 ibique
2394 3456 2653 3512 servitiis
2691 3455 2801 3512 Dei
2837 3455 3028 3511 inten-

575 3562 771 3642 finding
915 3540 1032 3602 tus,
1086 3553 1192 3607 per
1238 3534 1476 3607 aliquod
1490 3532 1512 3567 ²
1570 3538 1802 3605 tempus
1864 3534 1929 3588 in
1992 3534 2297 3590 secretiori
2354 3536 2691 3592 habitaculo
2756 3528 3025 3592 mansit.

577 3628 768 3679 chad
751 3645 807 3679 ιιι
917 3614 1252 3679 Instantis.
1303 3613 1575 3679 tandem
1618 3613 1792 3699 regis
1840 3611 2124 3692 Canciae,
2177 3613 2493 3680 Canciam
2537 3615 2707 3680 adiit
2725 3613 2751 3648 '³
2795 3620 2866 3681 et
2907 3638 3028 3703 per

573 3693 841 3836 ἒέᾱξὲέξθ·
914 3721 1049 3781 tres
1091 3736 1300 3781 8111108
1358 3716 1608 3781 ibidem
1674 3714 2042 3800 praedicans
2109 3716 2451 3781 ministros
2510 3717 2796 3783 ecclesiae
2849 3719 3026 3784 ordi-

574 3853 688 3904 eap.
711 3840 818 3892 xiv.
912 3819 1119 3896 navit,
1165 3824 1236 3884 et
1273 3823 1452 3884 recte
1496 3817 1773 3882 vivendi
1819 3817 2119 3883 ordinem
2162 3819 2487 3884 instituit.
2599 3819 3025 3885 Adveniente

575 3919 805 4035 gg'rh
742 3937 859 4038 0012
861 4001 890 4038 e
912 3925 1139 3985 autem
1185 3920 1265 3984 de
1326 3919 1540 3984 Roma
1596 3918 2084 4005 archiepiscopo
2144 3919 2488 3985 Theodoro
2555 3921 2630 3984 in
2689 3921 3023 4007 Angliam,

576 4052 638 4102 of
655 4052 868 4104 Cantor
912 4022 998 4087 ab
1061 4020 1444 4107 Apostolica
1511 4021 1665 4085 sede
1728 4021 1947 4099 misse,
1996 4021 2363 4101 Wilfridus,
2433 4021 2661 4087 Cedda
2727 4023 3021 4109 expulso,

578 4117 729 4183 bui-y.
912 4124 1053 4190 sedi
1096 4145 1234 4189 suae
1277 4123 1629 4188 restitutus
1674 4126 1790 4188 est.
1906 4122 2039 4203 Qui
2100 4124 2334 4189 statim
2394 4123 2733 4190 ecclesiam
2785 4125 2860 4189 in
2903 4125 3022 4191 ho-

911 4247 1070 4292 nore
1114 4226 1307 4292 Beati
1351 4225 1534 4289 Petri
1578 4224 1886 4310 Apostoli
1930 4246 1971 4290 8
2015 4223 2473 4291 fundamentis
2519 4227 2908 4292 construxit.

576 4332 817 4385 nectores
840 4349 873 4385 ιι
1003 4326 1175 4392 Cum
1217 4331 1445 4410 autem
1504 4325 1747 4412 populo
1811 4326 2218 4411 praedicaret,
2265 4328 2373 4392 die
2437 4330 2722 4414 quadam
2781 4329 3021 4395 mulier

572 4400 866 4519 {loeaflssghild
912 4431 1234 4516 quaedam,
1280 4428 1489 4493 nimio
1535 4426 1756 4493 dolore
1808 4426 2069 4507 afflicta,
2115 4427 2330 4493 filium
2391 4451 2588 4494 suum
2633 4430 3019 4497 defunctum

980 4650 997 4683 ¹
1021 4652 1352 4716 pecuniarum
1387 4646 1691 4715 mesamm]
1743 4646 1916 4714 copio-
2077 4647 2100 4680 ⁸
2139 4648 2374 4718 cancia]
2436 4650 2499 4702 Ε.
2548 4652 2646 4713 O.;
2714 4652 3020 4715 cantuarie,

911 4744 1021 4780 sam
1043 4729 1330 4794 pecuniam,
1349 4727 1413 4779 E.
1434 4728 1499 4780 Ο.
2011 4728 2200 4794 Capgr.

978 4808 1001 4841 ²
1032 4807 1265 4875 aliquod]
1305 4806 1520 4872 aliquot,
1539 4807 1603 4858 E.
1626 4805 1691 4859 0.
