3600 5800
1237 909 1542 958 Emscom
1593 905 2071 957 EBORAOENSIS.
2574 891 2697 954 241

593 1093 757 1160 libet
785 1094 1046 1159 disserti
1092 1095 1373 1160 rhetoris
1417 1095 1702 1160 facunda
1746 1093 2011 1159 evolvet
2052 1093 2452 1178 loquacitas3
2501 1113 2699 1177 quam

594 1194 831 1261 idcirco
885 1196 1233 1260 Divinitus
1292 1194 1672 1280 adjunctam
1734 1193 1915 1279 regio
1976 1194 2301 1259 credimus
2368 1193 2576 1270 lateri,
2625 1200 2707 1258 ut

593 1302 787 1362 tanta
832 1298 973 1383 ejus
1019 1299 1360 1384 vigilantis
1380 1297 1402 1336 ¹
1456 1299 1800 1364 industriae
1861 1298 2140 1375 solertia,
2189 1296 2703 1363 emolumentum

596 1400 1023 1483 provideatur
1067 1403 1408 1486 praesentis
1454 1402 1654 1488 regni.

687 1501 788 1567 Ut
831 1509 1054 1567 autem
1101 1504 1400 1589 superius
1445 1503 1674 1569 relicta
1718 1509 2027 1589 repetam.
2125 1502 2587 1568 Consolatione
2634 1508 2704 1567 et
2732 1510 2947 1561 Folcard

597 1602 851 1670 medela
896 1605 1012 1681 tui,
1063 1604 1154 1668 mi
1214 1605 1661 1670 amantissime
1722 1611 1927 1690 pater,
1990 1604 2391 1670 clauduntur
2434 1603 2703 1688 quidem
2729 1577 2988 1692 {mgb

594 1704 887 1783 vulnera,
954 1706 1068 1771 sed
1114 1727 1150 1771 e
1196 1706 1413 1773 vicino
1475 1705 1888 1792 quorundam
1955 1704 2312 1769 lividorum
2377 1702 2544 1769 clam
2605 1704 2705 1767 in-
2732 1708 2937 1771 bi⁸h01>‚

595 1807 909 1873 sidiantia
971 1808 1385 1893 perhorresco
1447 1806 1684 1892 jacula
1797 1806 2044 1870 Verum
2104 1804 2391 1868 multum
2458 1805 2706 1888 respiro

594 1930 710 1992 per
754 1914 963 1974 tantae
1024 1915 1320 1994 patronae
1381 1906 2031 1982 commendationem,
2079 1906 2203 1970 sub
2255 1911 2374 1970 tua
2396 1904 2422 1943 2
2466 1907 2706 1971 consti-

595 2013 785 2074 tutus
830 2010 1078 2086 tutela;
1123 2031 1245 2075 nec
1287 2031 1406 2094 per
1450 2008 1576 2072 Dei
1620 2007 1905 2092 gratiam
1952 2006 2322 2071 timendum
2368 2012 2469 2071 est
2513 2007 2706 2093 quod,

596 2114 664 2173 te
709 2115 928 2174 tutore
974 2109 1081 2173 vel
1127 2115 1391 2186 rectore,
1439 2129 1559 2173 nos
1603 2107 1755 2184 ulla,
1803 2107 2294 2193 quantumlibet
2352 2109 2581 2174 minax
2642 2115 2711 2174 et

597 2210 933 2286 insidians»,
982 2211 1219 2275 obruat
1278 2209 1574 2295 procella.
1688 2208 1864 2274 Nam
1926 2231 2194 2296 semper,
2251 2210 2380 2274 Dei
2400 2208 2426 2248 ³
2470 2231 2707 2296 praece-

597 2310 796 2376 dente
841 2311 1070 2397 gratia,
1119 2310 1392 2396 sperabo
1438 2308 1560 2376 aab
1605 2309 1854 2376 wmbra
1913 2311 2197 2377 alaman
2239 2317 2542 2388 tuarum,
2594 2312 2708 2378 do-
2738 2323 3048 2373 Psal.1vi.2.

597 2433 713 2478 mc
757 2419 1056 2478 tran-seat
1107 2411 1448 2498 miqwztcoe
1510 2412 1807 2477 omnium
1867 2411 2271 2477 insidiarum.
2385 2411 2518 2477 Sed
2569 2413 2711 2479 haec

595 2512 930 2579 hactenus.
1021 2514 1129 2578 Ad
1159 2514 1417 2600 pondus
1447 2519 1671 2580 autem
1718 2513 1978 2599 imperii
2016 2514 2121 2578 tui
2165 2520 2467 2580 vertatur
2495 2536 2707 2580 sermo

596 2636 795 2693 meus,
844 2615 958 2700 qui
1024 2637 1107 2680 ex
1175 2616 1643 2701 consequentia
1701 2616 1807 2680 sui
1874 2615 2000 2681 hoc
2050 2616 2412 2682 necessario
2479 2616 2705 2702 paucis

596 2716 984 2801 praelibabit,
1034 2718 1273 2801 quibus
1317 2717 1738 2784 incrementis
1792 2715 2027 2781 Divini
2071 2717 2435 2783 famulatus
2481 2723 2710 2785 sancta

596 2817 1020 2885 Eboracensis
1067 2819 1336 2886 ecclesia
1381 2819 1483 2883 tui
1544 2820 1942 2906 praesulatus
2003 2825 2295 2907 tempore
2313 2820 2340 2858 4
2382 2820 2663 2907 priscam
2682 2820 2708 2858 ⁶

594 2921 1031 2987 rusticitatem
1079 2922 1340 2987 exuerit
1364 2919 1425 3001 ;⁶
1489 2929 1558 2987 et
1619 2922 1693 2986 in
1738 2921 1867 2988 Dei
1930 2921 2255 3002 laudibus
2302 2924 2454 2987 rudi
2517 2924 2705 2990 novi-

596 3027 749 3100 tate,
842 3025 976 3088 tuis
1052 3024 1367 3090 doctrinis
1458 3024 1872 3101 commonita,
1951 3024 2257 3091 decenter
2329 3025 2707 3090 adoleverit.

596 3122 742 3191 Hoc
805 3123 1152 3190 Divinitus
1211 3146 1466 3191 coronae
1536 3131 1672 3191 tuae
1742 3125 2026 3190 dixerim
2093 3126 2468 3203 adauctum,
2533 3127 2709 3211 quod
2737 3130 2839 3204 apd
2856 3130 3051 3207 praisqs

595 3225 802 3291 clerus
849 3248 892 3292 a
937 3226 1347 3292 saecularium
1378 3226 1699 3292 hactenus
1744 3227 2027 3291 abusiva
2048 3224 2073 3266 ⁷
2117 3233 2302 3292 veste
2349 3227 2711 3304 discretus?
2733 3192 2949 3309 ἓξὲξ
2970 3196 3051 3245 ¹¹¹⁸

594 3327 667 3391 in
711 3335 895 3393 veste
941 3328 1228 3413 nuptiali
1290 3327 1519 3392 laudes
1580 3327 1869 3393 celebrat
1928 3327 2072 3404 Dei,
2121 3334 2191 3392 et
2236 3328 2556 3392 talaribus
2602 3334 2711 3392 tu·
2735 3323 2917 3401 within
2940 3327 3025 3376 the

594 3429 761 3493 nicis
795 3439 802 3444 ‘
837 3435 1236 3493 conventum
1311 3428 1689 3512 frequentat
1710 3426 1737 3466 ⁹
1803 3427 2083 3512 synodi3
2157 3428 2447 3512 itemque
2513 3428 2712 3493 nimis
2735 3402 2974 3505 ¹333?oe
2991 3392 3057 3442 οἲ

598 3527 969 3614 neglectum
1021 3529 1095 3592 in
1147 3528 1591 3613 eleemosyniS,
1644 3534 1713 3593 et
1772 3549 2137 3614 pauperum
2182 3527 2634 3594 ablutionibus
2658 3527 2711 3567 ¹⁰

597 3650 761 3715 opus
807 3638 1068 3695 exercet
1111 3631 1610 3710 misericordiae3
1655 3638 1727 3696 et
1766 3631 1943 3716 quod
1988 3632 2368 3697 memoriam
2414 3633 2708 3699 fidelium

599 3731 1057 3797 defunctorum
1150 3732 1416 3798 assidua
1506 3733 1600 3798 eis
1690 3732 2037 3800 inculcasti
2126 3736 2704 3802 commendatione.

598 3832 793 3913 Quod
837 3833 997 3910 dico,
1045 3855 1180 3899 non
1243 3839 1323 3899 ut
1383 3833 1691 3919 laqueum
1759 3834 2162 3900 adulationis
2223 3836 2350 3900 tibi
2396 3837 2707 3921 injiciam,

597 3935 710 4000 sed
755 3935 977 4022 potius
1045 3936 1126 4019 (si
1190 3936 1539 4003 dicendum
1601 3942 1703 4002 est
1745 3959 1788 4003 a
1833 3938 1964 4022 me)
2011 3943 2092 4002 ut
2136 3937 2222 4003 ad
2274 3938 2437 4002 talia
2480 3958 2705 4003 accen-

596 4036 790 4103 dam:
855 4059 1003 4123 quae
1048 4038 1282 4123 utique
1326 4038 1688 4104 necessario
1750 4043 1818 4104 te
1885 4036 2028 4104 Deo
2088 4038 2321 4104 debere
2375 4039 2706 4125 cognoscis

663 4313 678 4345 ¹
717 4312 999 4380 viye'lantis]
1041 4312 1377 4381 invigilantis,
1401 4316 1469 4364 A.
1763 4313 1786 4347 ⁶
1815 4314 2058 4380 priscam]
2098 4314 2377 4379 pristinam,
2401 4316 2469 4366 A.

663 4392 686 4425 2
709 4409 807 4456 per
828 4400 981 4442 tantoe
1019 4431 1031 4442 .
1070 4432 1081 4444 .
1119 4430 1132 4444 .
1170 4432 1182 4443 .
1217 4392 1309 4443 sub
1350 4394 1468 4459 tua]
1511 4394 1604 4444 sub
1761 4393 1783 4424 ⁶
1816 4394 2038 4459 exuerit]
2078 4394 2381 4455 excusserit,
2405 4395 2474 4444 A.

589 4478 837 4536 potestate
859 4479 1104 4536 patronae,
1126 4472 1249 4537 quin
1271 4479 1323 4522 et
1346 4473 1440 4522 sub
1465 4487 1604 4522 com·
1758 4470 1781 4509 7
1815 4470 2059 4537 abusiva]
2104 4472 2308 4532 usitata,
2332 4474 2403 4522 A.

591 4548 929 4614 mendationis
954 4557 1072 4612 tuae,
1093 4552 1162 4600 A.
1757 4549 1780 4582 ⁸
1816 4550 2091 4616 discretus]
2120 4550 2441 4614 indiscretus,
2462 4566 2617 4613 nunc,
2634 4552 2703 4604 A.

654 4628 678 4661 ⁸
713 4627 847 4693 Dei]
891 4628 1118 4691 Domini,
1141 4630 1211 4679 A.
1753 4628 1776 4661 ⁹
1796 4628 2129 4695 frequentat]
2171 4630 2406 4690 celebrat,
2433 4631 2502 4681 A.

658 4707 680 4738 ⁴
714 4708 955 4774 tempore]
995 4723 1097 4758 om.
1124 4711 1194 4759 A.
1753 4705 1796 4739 ¹⁰
1828 4704 2193 4775 ablutionibus]
2233 4708 2590 4771 oblationibus,
2617 4711 2687 4761 A.

2390 4805 2437 4867 Q
