3600 5800
860 895 989 959 526
1724 909 2097 959 Arrmrmx.

855 1098 1041 1164 misit
1087 1094 1607 1175 Eboraoonsem}
1650 1097 1927 1183 ipseque
1946 1094 1973 1136 ²
2017 1117 2170 1164 cum
2218 1096 2498 1163 consilio
2544 1096 2776 1164 Sancti
2824 1097 2971 1162 Bri-

855 1200 1053 1267 thuni
1098 1199 1360 1267 abbatis
1403 1200 1507 1265 sui
1555 1199 1869 1268 Beverlec
1892 1197 1919 1238 ³
1962 1200 2178 1285 petiit,
2226 1199 2452 1286 ibique
2500 1199 2675 1285 [diu]
2722 1200 2795 1264 in
2839 1198 2967 1266 Dei

854 1304 1177 1370 servitute
1221 1303 1596 1391 persistenS,
1641 1324 1852 1370 nonas
1898 1303 2061 1370 Maii
2107 1302 2390 1370 feliciter
2433 1303 2647 1370 vitam
2692 1302 2934 1369 finivit.

1809 1503 1995 1570 XIX.

943 1630 1260 1717 Sepultus
1291 1637 1394 1698 est
1436 1636 1664 1699 autem
1687 1630 1715 1670 ⁴
1745 1631 2030 1700 Sanctus
2060 1631 2107 1698 J
2107 1632 2402 1698 ohannes
2433 1630 2962 1718 archiepiscopus

852 1732 926 1797 in
968 1734 1229 1818 porticu
1276 1735 1506 1802 Sancti
1551 1735 1597 1799 J
1599 1734 1878 1801 ohannis
1926 1734 2386 1822 Evangelistae.
2477 1734 2618 1801 Ubi
2658 1753 2777 1820 per
2821 1732 2962 1818 ejus

852 1835 1090 1901 merita
1133 1836 1382 1902 infirmi
1426 1842 1767 1914 sanantur,
1799 1837 2134 1902 daemones
2179 1836 2576 1922 effugantur,
2609 1836 2765 1902 caeci
2808 1833 2963 1898 iuu-

851 1935 1210 2015 minantur,
1242 1938 1457 2003 surdis
1502 1960 1693 2005 aures
1725 1936 2149 2016 reserantur}5
2193 1937 2447 2004 claudis
2478 1936 2766 2024 vestigia
2809 1956 2962 2002 con-

852 2037 1200 2118 donantur,
1268 2060 1512 2127 genera
1573 2039 1877 2105 dolorum
1942 2044 2181 2107 cuncta
2248 2039 2647 2127 effugantur,
2712 2057 2963 2122 suoque

850 2138 1238 2206 interventu
1283 2141 1562 2208 crimina
1622 2145 1857 2208 nostra
1902 2141 2250 2208 deleantur
2314 2145 2384 2206 et
2429 2139 2677 2227 gaudia
2740 2138 2963 2206 caelica

851 2242 1340 2322 concedantur}⁵
1378 2248 1741 2332 praestante
1792 2243 1920 2310 Illo
1967 2242 2098 2310 Cui
2142 2244 2414 2311 condita
2464 2247 2706 2310 cuncta.
2748 2241 2958 2308 famu-

848 2344 1093 2412 lantur.

1201 2505 1324 2512 0——

914 2590 930 2623 ¹
966 2590 1366 2669 Eboraceusep]
1392 2590 1628 2651 Eboraci,
1650 2592 1713 2642 T.
2018 2588 2040 2621 ⁸
2075 2589 2393 2657 reserantur]
2419 2588 2574 2640 mutis
2597 2590 2752 2640 verba
2771 2588 2957 2654 reperi-

911 2672 933 2703 ²
964 2669 1187 2736 ipseque]
1216 2668 1325 2734 ipse
1350 2686 1493 2731 vero,
1514 2668 1579 2720 Τ.
1954 2676 2124 2731 untur,
2145 2670 2239 2719 ine.
2264 2669 2326 2720 Τ.

908 2747 931 2780 ⁸
965 2745 1232 2812 Beverlec]
1263 2746 1480 2808 Beverli,
1500 2748 1563 2798 Τ.

2016 2786 2038 2819 ⁶
2072 2784 2424 2852 concedantur]
2456 2785 2825 2847 condonentur,
2844 2785 2906 2837 Τ.
