3600 5800
1291 879 1612 932 Auoronn
1655 878 2015 929 mommo,
2571 862 2700 928 435

686 1061 1057 1130 Constituit
1106 1084 1263 1130 vero
1326 1062 1678 1129 Oswaldus
1735 1061 2039 1149 pontifex
2090 1062 2224 1128 duo
2287 1057 2703 1137 monasteria,
2729 1059 2936 1112 oswald

557 1165 718 1264 *hoc
775 1171 879 1233 est
921 1168 996 1233 in
1058 1167 1333 1234 civitate
1378 1188 1512 1252 qua
1554 1165 1735 1232 rexit
1795 1165 2162 1253 pontificali
2212 1164 2411 1231 laude
2471 1185 2701 1241 unum,
2727 1133 3007 1246 3333
3007 1144 3040 1178 ⁰

592 1268 876 1334 alterum
943 1269 1019 1334 in
1078 1269 1509 1348 Wincelcum,
1578 1290 1709 1355 quo
1773 1268 1850 1334 in
1923 1267 2221 1356 praefecit
2298 1269 2702 1336 Germanum
2726 1261 2843 1325 ries,
2865 1277 2965 1311 one
2986 1268 3041 1313 at

784 1372 798 1387 .
1184 1373 1224 1388 ..
2246 1371 2260 1388 .
2461 1373 2477 1389 .
2727 1330 3041 1392 Worcester,

593 1376 804 1438 nostri
847 1378 1231 1439 monastern
1277 1373 1614 1451 decanum,
1647 1393 1847 1459 quem
1892 1378 2300 1440 consecravit
2344 1378 2414 1439 et
2456 1395 2531 1437 111
2559 1372 2702 1439 1060
2726 1396 2815 1445 the
2836 1395 2987 1446 other

594 1476 947 1543 constituit
1005 1477 1340 1564 praedicte,
1387 1477 1714 1543 associans
1775 1476 1904 1542 sibi
1948 1476 2185 1543 fratres
2249 1476 2490 1562 quibus
2535 1498 2701 1563 prae-
2726 1468 2782 1512 8*
2803 1460 2953 1512 win-

596 1598 735 1643 esse
795 1579 1133 1665 potuisset.
1223 1578 1438 1644 Nobis
1482 1583 1706 1644 autem
1766 1578 2131 1664 praeposuit
2179 1576 2702 1654 AEthelnothum,
2729 1528 3039 1658 ἓέιὲᾚξῖ

595 1680 816 1746 virum
860 1682 1271 1770 prudentem,
1319 1685 1390 1747 et
1431 1681 1565 1747 illis
1611 1681 1728 1767 qui
1781 1681 1906 1746 sub
1951 1701 2029 1747 eo
2073 1684 2266 1746 erant
2309 1680 2383 1746 in
2430 1680 2703 1747 civitate
2731 1674 3019 1725 Germanus

594 1787 975 1872 anteposuit
1047 1785 1468 1873 Wynsinum,
1531 1784 1968 1851 reverendum
2043 1783 2522 1870 presbyterum,
2586 1782 2705 1868 qui
2726 1739 2988 1857 ἷιῦξέιιῖἷ.

597 1893 741 1954 erat
783 1891 963 1979 apud
990 1890 1202 1957 nostri
1248 1888 1534 1958 coenobii
1577 1886 2002 1976 gymnasium
2064 1886 2385 1965 eruditus,
2432 1886 2541 1953 cui
2585 1906 2705 1952 an-
2730 1874 2942 1990 fflffifi
2975 1938 3034 1990 th

598 1991 837 2056 nexuit
879 1991 1200 2077 quosdam
1270 1990 1507 2057 fratres
1552 2011 1638 2056 ex
1682 1993 1910 2056 nostro
1971 1987 2185 2057 choro.
2278 1987 2391 2055 Sic
2452 1987 2708 2073 inclyta
2732 2007 2791 2057 of
2801 1954 3043 2070 Ramszy,

598 2112 761 2178 gens
823 2094 1047 2160 subito
1114 2098 1217 2160 est
1261 2098 1586 2159 exornata
1651 2090 1940 2158 lucifluis
2003 2089 2458 2169 luminaribus„
2520 2089 2708 2155 velut
2732 2073 2834 2150 ⁸3¹⁶
2856 2074 3022 2187 Wff·

599 2199 795 2261 aestas
840 2217 990 2263 cum
1049 2196 1421 2265 flavescunt
1463 2194 1678 2282 campi
1722 2193 1885 2259 liliis
1930 2198 1999 2260 et
2051 2193 2215 2259 rosis
2274 2198 2476 2279 atque
2537 2192 2707 2260 colo·
2731 2154 3043 2258 ῗῦιὲῗοὲειεπ.

600 2297 792 2377 casia,
838 2318 1097 2366 necnon
1141 2297 1506 2364 multarum
1566 2296 1848 2362 aliarum
1911 2293 2280 2382 generibus.
2393 2292 2710 2360 Subdidit

600 2420 755 2486 ergo
799 2421 920 2466 rex
978 2400 1148 2488 Regi
1208 2399 1485 2487 Regum,
1553 2398 1769 2465 omnis
1833 2397 2031 2465 decus
2094 2397 2300 2484 coepit
2365 2396 2709 2464 sollicitius

601 2502 938 2589 subde(re)
987 2500 1174 2581 De0,1
1235 2502 1548 2589 quoniam
1594 2501 1757 2568 dum
1811 2504 2014 2588 caput
2058 2521 2391 2566 summum
2451 2499 2706 2586 regitur

600 2603 958 2671 clementer
1015 2605 1104 2671 ab
1170 2604 1281 2684 Eo,
1327 2605 1624 2671 membra
1641 2608 1909 2670 ·caetera
1949 2603 2298 2692 gloriosius
2344 2608 2546 2690 atque
2589 2602 2709 2669 ho-

602 2709 857 2774 nestius
902 2713 1239 2796 reguntur.
1320 2707 1569 2773 Eodem
1599 2711 1896 2793 tempore
1926 2706 2098 2773 mira
2142 2706 2391 2772 direxit
2433 2726 2712 2772 munera
2733 2713 2954 2792 Edgar’s

602 2810 1012 2897 Imperatori,
1075 2831 1193 2898 per
1266 2809 1641 2876 AEtherium
1715 2808 2028 2875 abbatem
2103 2812 2173 2874 et
2251 2807 2711 2875 Wulfmaerum
2734 2782 2970 2899 fflffinfife

601 2913 885 2980 militem
948 2935 1161 2993 suum,
1208 2913 1325 2998 qui
1389 2914 1450 2978 ei
1517 2934 1781 2978 rursum
1845 2910 2234 2977 detulerunt
2288 2911 2712 2989 {mirabiliora
2737 2930 2970 2980 emperor

600 3036 890 3095 munera,
967 3038 1116 3101 quae
1191 3020 1460 3102 pactum
1534 3013 1927 3080 firmissimae
2003 3014 2184 3100 pacis
2258 3012 2710 3080 firmaverunt.
2738 2982 2905 3048 (⁰⁰¹⁰
2928 2982 3036 3045 11.)

603 3116 855 3183 Extitit
885 3138 1059 3196 vero,
1089 3122 1171 3182 ut
1199 3117 1339 3201 regi
1384 3115 1711 3193 condecet,
1744 3113 2099 3181 munificus
2130 3135 2251 3180 sua
2280 3114 2715 3201 dapsilitate,a

603 3238 722 3305 pro
797 3240 931 3304 qua
1017 3218 1326 3303 largiflua
1400 3218 1756 3283 donatione
1833 3238 1986 3282 eum
2064 3237 2249 3302 reges
2325 3221 2712 3282 eaeterarum

603 3318 904 3405 gentium
949 3319 1298 3406 magnifice
1341 3318 1744 3399 laudabant3
1789 3322 1858 3384 et
1906 3318 2221 3404 quoniam
2264 3317 2434 3384 iram
2479 3318 2712 3385 ferocis

604 3420 812 3487 leonis
856 3420 1096 3487 habuit
1139 3426 1371 3489 contra
1415 3421 1732 3500 inimicos,
1763 3421 2256 3508 pertimuerunt
2308 3443 2461 3488 eum
2504 3420 2711 3488 vieini

605 3545 790 3611 reges
836 3528 906 3590 et
949 3523 1293 3611 principes.

698 3627 847 3713 Ipse
890 3633 1115 3693 autem
1179 3626 1419 3693 dilexit
1480 3628 1650 3695 miro
1694 3628 1938 3695 affectu
2002 3631 2260 3714 patrem
2308 3626 2710 3707 Oswaldum,
2736 3628 2821 3681 He
2842 3630 3019 3681 makes

604 3729 794 3815 cujus
860 3730 935 3795 in
978 3730 1193 3817 capite
1257 3729 1422 3795 duas
1483 3751 1754 3798 coronas
1817 3729 2152 3817 imposuit,
2199 3728 2326 3797 hoc
2393 3734 2496 3796 est
2558 3751 2711 3797 con·
2736 3697 3009 3829 ξξῖζᾶος

604 3831 769 3897 tulit
811 3831 941 3919 ipsi
985 3831 1170 3918 prius
1216 3830 1667 3920 episcopatum
1713 3830 2107 3899 Merciorum
2152 3831 2386 3918 gentiS,
2419 3837 2489 3898 et
2531 3836 2711 3919 post-
2734 3830 3017 3909 Nerthum-

604 3934 876 4000 modum
920 3933 1652 4021 Northanymbrorum3
1710 3934 1820 4002 cui
1863 3934 2180 4022 praecepit
2224 3938 2302 3999 ut
2347 3935 2434 4000 ad
2477 3933 2714 4000 limina
2736 3899 2852 4015 30¹ss
2868 3912 2932 4014 ἓξ
2952 3962 3014 4014 of

606 4042 983 4104 sanctorum
1049 4043 1430 4124 properaret
1488 4037 1976 4125 Apostolorum,
2023 4037 2127 4123 cuj
2134 4059 2213 4102 us
2275 4036 2570 4124 imperiis
2631 4036 2712 4101 li·
2738 4032 3048 4083 Woroester.

605 4139 781 4205 beris
810 4140 1122 4227 patravit.
1183 4139 1376 4206 Miles
1406 4140 1784 4228 praecellens
1817 4139 2087 4219 Christi,
2107 4139 2398 4227 flagrans
2430 4160 2713 4227 superno
2740 4096 2948 4214 Oswagg

608 4241 949 4321 desiderio,
996 4241 1357 4310 undisonos
1421 4243 1665 4311 fluctus
1732 4242 1891 4310 salsi
1951 4240 2152 4309 maris
2220 4243 2596 4330 pertransit,
2645 4247 2714 4307 et
2735 4178 2904 4347 ΞΟἛΘ
2925 4236 2982 4280 ⁸²

607 4344 695 4409 ad
754 4348 1131 4412 sanctorum
1192 4343 1428 4412 limina
1494 4344 1801 4434 pervenit
1867 4344 2164 4431 gaudens
2225 4343 2710 4431 Apostolorum.
2735 4296 3018 4431 biffi⁸

608 4444 871 4512 Habuit
918 4467 1140 4515 secum
1185 4467 1446 4513 omnem
1505 4445 1823 4513 honorem
1870 4450 1940 4512 et
1995 4445 2212 4513 multa
2254 4445 2468 4512 millia
2512 4447 2712 4514 dena-

1265 4576 1285 4599 ·
1308 4571 1610 4625 mutilate]
1631 4570 1862 4625 largitate,
1879 4570 2041 4616 intere.

679 4744 696 4779 ¹
728 4746 841 4799 Τ116
861 4745 1110 4801 insertion
1147 4747 1209 4799 of
1235 4762 1345 4800 sese
1379 4746 1510 4800 aster
1544 4745 1633 4799 the
1669 4747 1812 4798 word
1848 4761 1964 4812 erqo
2004 4744 2108 4799 will
2143 4745 2297 4799 make
2333 4745 2440 4799 this
2477 4755 2715 4805 sentence

608 4826 920 4896 intelligible.

2243 4922 2286 4973 Ε
2318 4924 2361 4973 Ε
2409 4912 2449 4973 2
