3600 5800
1551 901 1680 968 527

1594 1333 1673 1399 V.

695 1506 1178 1585 LECTIONES
1219 1506 1334 1581 DE
1376 1504 1585 1581 VITA
1630 1506 1695 1582 S.
1741 1504 2215 1600 JOHANNIS‚
2258 1505 2574 1580 EBORA·

1093 1610 1403 1687 CENSIS
1446 1608 2158 1686 ARCHIEPISCOPI.

880 1757 1024 1824 [MS.
1049 1758 1292 1824 Legenda
1312 1754 1616 1808 Monasterii
1642 1754 1697 1808 S.
1724 1753 1943 1809 Gildasii
1964 1757 2027 1807 de
2048 1754 2323 1822 Nemora]
2346 1753 2363 1787 ¹

640 2068 689 2124 1.
727 2068 1114 2125 Beatissimae
1150 2060 1358 2147 igitur
1394 2069 1434 2125 J
1435 2084 1648 2126 oannes
1689 2066 2179 2140 archiepiscopus,
2218 2068 2377 2124 intra
2424 2067 2677 2124 confinia
2705 2070 2819 2126 MS.
2845 2071 2969 2125 Cor-

568 2147 899 2218 Anglorum
933 2148 1144 2214 editus,
1183 2166 1319 2205 cum
1355 2147 1567 2221 puerili
1604 2147 1796 2204 adhuc
1828 2148 2168 2220 pubesceret
2203 2164 2347 2213 sev0,
2378 2147 2680 2204 Theodoro
2706 2154 2819 2204 ΡΜ»
2840 2154 2888 2203 Ρ·
2915 2142 3009 2189 521

573 2230 980 2288 Oantuariensi
1031 2232 1383 2288 commissus
1430 2236 1517 2287 est
1551 2231 2007 2304 archiepiscopO,
2042 2232 2260 2304 quique
2308 2232 2480 2287 illum
2526 2233 2684 2288 omni
2709 2213 2876 2256 ‘mm'

572 2310 883 2382 probitatis
919 2328 1081 2367 more
1119 2312 1417 2377 instruxit,
1454 2315 1628 2382 atque
1677 2317 2008 2368 sanctarum
2059 2311 2429 2384 prudentiam
2466 2301 2684 2389 Scrip-
2712 2283 2982 2401 ἓὲἓὶω

572 2393 874 2455 turarum
911 2399 1125 2456 docuit.
1203 2399 1468 2471 Cumque
1509 2400 1637 2471 jam
1682 2400 1830 2455 bene
1880 2399 2143 2455 imbutus
2198 2400 2564 2457 diversorum
2616 2400 2689 2455 li-
2712 2415 2900 2467 Jolm’g
2912 2415 3017 2468 lise,

573 2487 811 2543 brorum
845 2495 1000 2545 esset
1035 2488 1242 2553 literis,
1281 2487 1556 2543 defuncto
1590 2477 1953 2544 venerabili
1991 2487 2142 2543 Eata
2169 2486 2456 2558 episcopO,
2487 2487 2689 2558 Hagn-

574 2582 887 2640 staldensis
926 2582 1186 2640 ecclesiae
1215 2583 1595 2655 praesulatum
1624 2581 1915 2651 suscepit3
1954 2580 2028 2635 de
2057 2595 2172 2651 quo
2207 2580 2378 2651 plura
2404 2579 2690 2636 virtutum
2713 2589 2873 2650 Beda,
2889 2605 2938 2640 v.
2961 2594 3012 2641 2.

575 2665 864 2722 miracula
901 2667 1003 2738 qui
1023 2684 1172 2741 ,eum
1207 2664 1581 2721 familiariter
1616 2670 1925 2731 noverunt,
1964 2663 2157 2719 dicere
2191 2664 2397 2729 solent,
2435 2667 2495 2718 et
2532 2680 2688 2719 max-

574 2749 693 2804 ime
742 2751 837 2805 vir
885 2748 1408 2808 reverendissimus
1463 2749 1834 2805 Bercthunus
1869 2747 2144 2803 diaconus
2200 2746 2491 2819 quondam
2544 2747 2687 2819 ejus,

573 2856 732 2897 nunc
769 2845 966 2897 autem
1002 2842 1180 2898 abbas
1216 2841 1555 2898 monasterii
1593 2842 1750 2914 quod
1785 2832 2088 2898 Beverlic
2131 2832 2391 2899 dicitur.
3042 2927 3047 2932 Ι

646 2934 730 2990 Π.
770 2934 1034 3005 Quodam
1067 2935 1254 3007 igitur
1287 2939 1553 3008 tempore
1589 2933 2109 3007 Quadragesimali,
2149 2935 2453 3008 episcopus
2488 2952 2688 3007 supra·
2714 2932 2830 2986 MS·
2855 2932 2981 2985 Cor·

576 3015 771 3074 dictus
823 3037 1101 3091 magnam
1159 3018 1234 3075 ad
1294 3035 1355 3076 se
1407 3036 1768 3093 congregare
1809 3019 1990 3091 jussit
2038 3035 2361 3091 pauperum
2411 3025 2687 3084 turmam,
2714 3016 2829 3064 ΡΜ»
2850 3007 2907 3049 ²¹²

578 3101 789 3172 quibus
824 3119 986 3159 more
1029 3102 1205 3159 solito
1237 3101 1467 3172 largam
1513 3102 1802 3157 tribueret
1838 3102 2300 3171 eleemosynam;
2340 3102 2496 3157 inter
2547 3119 2690 3173 (1¹10ss
2711 3081 2992 3194 Ἠζῗωι,

582 3179 823 3248 quidam
874 3182 1287 3251 pauperrimus
1339 3176 1441 3235 est
1490 3179 1792 3244 adductae,
1834 3180 1935 3250 qui
1972 3198 2008 3233 a
2055 3197 2160 3235 sua
2207 3181 2517 3235 nativitate
2568 3184 2692 3235 erat
2713 3210 2804 3276 ing
2822 3209 2884 3260 of
2898 3210 2989 3259 the

578 3270 796 3329 mutus,
825 3272 1001 3336 atque
1023 3266 1296 3322 horribili
1319 3266 1478 3321 tinea
1501 3266 1724 3338 plenus,
1753 3271 1823 3320 ut
1845 3278 2156 3342 nunquam
2190 3266 2319 3338 pili,
2358 3267 2462 3323 sed
2502 3259 2690 3324 velut
2715 3277 2868 3326 dumb
2886 3291 3024 3327 man.

579 3343 836 3414 porcinae
870 3349 1009 3400 setae
1045 3349 1395 3417 apparerent
1429 3345 1494 3398 in
1529 3349 1663 3399 cute
1697 3361 1820 3399 sua.
1895 3345 2072 3400 Hunc
2107 3362 2250 3416 ergo
2296 3344 2509 3402 adduci
2543 3365 2690 3419 prae-
2716 3358 2875 3418 Beda,
2900 3374 2949 3408 v.
2973 3361 3026 3409 2.

579 3423 737 3494 cepit
772 3424 1096 3497 episcopua,
1138 3433 1198 3482 et
1232 3427 1288 3481 ei
1339 3427 1404 3482 in
1442 3425 1731 3498 conseptis
1767 3425 2029 3497 ejusdem
2077 3427 2397 3485 mansionis
2446 3448 2692 3502 parvum

581 3507 887 3578 tugurium
922 3507 1071 3574 fieri,
1111 3509 1175 3563 in
1213 3525 1328 3581 quo
1364 3526 1606 3565 manens
1643 3508 2050 3581 quotidianam
2087 3510 2160 3565 ab
2195 3527 2263 3567 eo
2297 3511 2508 3584 stipem
2543 3513 2689 3569 acci·

579 3595 764 3662 peret.
853 3591 1116 3663 Cumque
1166 3610 1285 3648 una
1338 3591 1808 3663 Quadragesimae
1855 3598 2006 3650 esset
2055 3593 2300 3665 impleta
2346 3597 2690 3669 septimana,

579 3680 860 3745 sequente
916 3674 1224 3731 Dominica
1267 3675 1450 3747 jussit
1498 3675 1573 3730 ad
1608 3692 1670 3730 se
1722 3676 1947 3732 intrare
1995 3694 2326 3750 pauperem.
2416 3682 2693 3753 Ingresso

578 3757 805 3844 itaque
851 3759 1125 3847 pauperi
1170 3759 1514 3846 episcopus
1563 3767 1834 3839 linguam
1886 3769 2146 3841 proferre
2188 3789 2257 3828 ex
2306 3782 2423 3839 ore,
2461 3791 2529 3830 ac
2578 3775 2693 3831 sibi

580 3862 884 3917 ostendere
905 3862 1105 3935 jussit,
1135 3867 1194 3919 et
1229 3861 1664 3934 apprehendens
1688 3879 1823 3917 eum
1858 3862 1932 3918 de
1967 3868 2183 3930 mento,
2213 3865 2447 3937 signum
2477 3875 2692 3924 sanctae

580 3940 771 3996 crucis
805 3941 1026 4012 lingnae
1063 3944 1193 4014 ejus
1230 3941 1545 4013 impressit,
1585 3953 1785 4019 quam
1830 3934 2161 4021 signatam
2202 3961 2472 4002 revocare
2509 3946 2571 4001 in
2606 3965 2692 4014 os,

580 4022 652 4084 et
696 4021 770 4085 in
829 4022 1094 4088 nomine
1154 4022 1427 4087 Domini
1477 4029 1640 4102 loqui
1688 4029 1858 4086 illum
1912 4033 2209 4104 praecepit.
2303 4034 2337 4060 “
2360 4031 2499 4088 Mox
2552 4052 2692 4106 ergo
2717 4035 2831 4088 MS.
2857 4035 2984 4089 Cor-

585 4123 623 4150 “
663 4127 861 4179 mutus
895 4123 1073 4180 verba
1107 4122 1450 4181 inconsueta
1495 4122 1806 4194 protulit,'’
1844 4130 1904 4181 et
1951 4129 2077 4179 tota
2111 4124 2205 4179 die
2257 4123 2364 4179 illa
2411 4130 2471 4181 et
2521 4130 2694 4182 nocte
2717 4118 2833 4168 ΡΨ·

583 4211 884 4277 sequente,
942 4212 1228 4278 quantum
1280 4207 1532 4279 vigilare
1582 4206 1795 4277 potuit,
1851 4207 2018 4278 loqui
2079 4206 2319 4278 aliquid,
2370 4213 2433 4263 et
2482 4226 2695 4267 arcana
2717 4221 2876 4284 Beda,
2896 4236 2950 4273 v.
2973 4225 3026 4271 2.

580 4289 957 4362 cogitationis
1008 4308 1130 4347 suae
1174 4309 1242 4348 ac
1276 4289 1616 4357 voluntatis,
1682 4292 1840 4363 quod
1896 4309 2199 4363 nunquam
2260 4296 2429 4349 antea
2476 4295 2687 4365 potuit,

583 4370 716 4425 aliis
752 4370 1053 4427 ostendere
1087 4384 1223 4429 non
1272 4369 1540 4428 cessavit.
1630 4369 1815 4443 Cujus
1865 4371 2105 4428 sanitati
2156 4372 2524 4443 congaudens
2572 4374 2690 4447 epi-

582 4473 810 4528 scopus,
845 4460 1121 4531 praecepit
1146 4459 1393 4528 medico,
1431 4457 1513 4518 ut
1548 4460 1821 4517 sanandae
1870 4460 2196 4517 scabredini
2231 4463 2441 4535 capitis
2491 4481 2693 4521 curam

582 4536 904 4594 adhiberet.
1014 4539 1178 4596 Fecit
1250 4545 1319 4597 ut
1379 4540 1653 4611 jusserat,
1726 4546 1789 4597 et
1852 4540 2099 4613 juvante
2166 4542 2567 4600 benedictione
2636 4550 2697 4601 et

651 4743 668 4775 ¹
704 4741 971 4804 Mabillon,
995 4743 1135 4795 Acta
1165 4744 1260 4797 SS.
1289 4746 1413 4798 Ord.
1441 4746 1493 4799 S.
1517 4748 1645 4798 Ben.
1671 4747 1751 4798 ed.
1783 4749 1931 4808 1734,
1953 4744 2024 4797 iii.
2050 4751 2270 4809 411-12,
2292 4748 2412 4802 who
2446 4748 2623 4802 thinks
2658 4750 2699 4802 it

582 4822 630 4877 is
651 4822 739 4877 the
761 4822 906 4875 work
929 4821 988 4874 cf
1003 4821 1234 4876 Polcatd.
