3600 5800
1387 883 1709 936 moroan
1755 881 2104 934 mmo.
2662 865 2791 932 209

673 1072 939 1141 ducunt.
1050 1074 1135 1143 In
1180 1094 1315 1161 qua
1375 1075 1487 1142 ille
1551 1075 1913 1152 roboratus,
1962 1077 2031 1138 et
2075 1093 2117 1137 a
2170 1090 2304 1156 qua
2365 1076 2516 1156 post
2578 1068 2789 1134 modi·
2817 1072 3068 1127 Wilffid’s

673 1195 830 1245 cum
845 1175 870 1214 ¹
933 1174 1293 1242 eliminatis
1339 1199 1487 1263 quae
1535 1197 1811 1243 censura
1867 1173 2206 1261 aequitatis
2257 1171 2502 1238 auferri
2548 1171 2784 1237 debere
2813 1140 3054 1258 gssffls

671 1279 1083 1356 monstravit,
1150 1278 1465 1364 quicquid
1539 1286 1864 1343 terrarum
1930 1282 2131 1361 atque
2206 1275 2587 1347 reddituum
2644 1274 2786 1360 juri
2810 1280 3002 1325 retum.

671 1380 956 1446 ecclesiae
1041 1371 1469 1469 competebatss
1546 1381 1735 1447 brevi
1814 1379 2230 1467 recuperavit
2262 1402 2278 1458 ;
2350 1377 2785 1444 nihilominus

670 1503 931 1569 quoque
978 1482 1371 1549 Divinitatis
1418 1484 1622 1550 verba
1672 1483 2091 1549 subditorum
2135 1481 2438 1548 cordibus
2484 1478 2783 1565 quotidie

667 1604 785 1669 per
829 1584 1019 1650 illum
1067 1586 1527 1664 infunduntur,
1561 1591 1630 1653 et
1673 1586 1748 1650 in
1783 1586 1878 1651 eis
1911 1584 2077 1671 so‘ns
2122 1604 2320 1671 aquae
2347 1581 2657 1649 salientis
2698 1582 2783 1648 in
2807 1600 2950 1652 John
2973 1600 3041 1652 iv.

666 1686 881 1755 vitam
943 1695 1267 1757 oetemaan
1329 1689 1639 1756 exoritur.
1756 1688 2009 1757 Christi
2055 1686 2218 1752 fides
2263 1706 2414 1753 cum
2460 1687 2781 1751 bonorum
2812 1670 2891 1717 ¹⁴·

666 1810 935 1875 operum
982 1791 1390 1859 exhibitione
1450 1792 1822 1871 recalescit3
1881 1811 2046 1875 opus
2091 1793 2313 1853 autem
2374 1786 2669 1873 perfidiae
2715 1793 2786 1854 et

667 1892 1102 1978 malignitatis
1148 1895 1395 1979 ubique
1457 1894 1768 1980 frigescit.
1864 1891 2304 1977 Quamobrem
2350 1909 2485 1976 pax
2531 1888 2785 1955 sincera

667 1994 977 2072 cordium,
1039 1996 1402 2081 tranquilla
1461 1995 1804 2081 opulentia
1872 2015 2107 2070 rerum,
2170 1991 2476 2057 alacritas
2542 2012 2785 2078 magna

667 2092 742 2156 in
785 2092 912 2159 Dei
958 2095 1321 2173 servitium,
1359 2095 1653 2181 Jocunda
1695 2093 2060 2171 delectati0,
2097 2091 2502 2159 delectabilis
2540 2092 2774 2178 jocun-

668 2193 841 2260 ditas
907 2196 1224 2281 processit
1285 2197 1359 2261 in
1404 2195 1660 2262 Deum:
1716 2217 1866 2282 quse
1912 2194 2134 2260 omnia
2196 2214 2504 2279 magnam
2552 2199 2784 2260 contra

667 2294 888 2380 ipsum
963 2297 1287 2362 invidiam
1366 2298 1613 2364 diaboli
1707 2298 2134 2364 concitavere.
2270 2295 2519 2361 Verum
2593 2296 2783 2362 miles

585 2442 602 2465 1
670 2394 924 2461 Christi
943 2394 970 2436 ²
1004 2398 1148 2483 jam
1193 2400 1359 2465 bene
1405 2399 1768 2466 instructus
1813 2404 2150 2464 armatura
2191 2397 2380 2462 verbi
2426 2397 2570 2475 Dei,
2609 2398 2782 2483 jam-

635 2528 644 2537 *
670 2518 796 2582 que
840 2497 1128 2584 plurima
1158 2506 1469 2587 expertus
1513 2505 1996 2587 temptamenta
2026 2497 2286 2577 diaboli,
2320 2519 2451 2584 quo
2496 2497 2569 2563 in
2608 2498 2781 2565 bello
2807 2506 2907 2559 His
2928 2522 3051 2572 pru-

668 2600 1032 2679 excitatior,
1066 2624 1142 2668 eo
1186 2602 1272 2668 ad
1317 2603 1757 2702 dejiciendum
1804 2600 2132 2668 difficilior
2175 2607 2319 2667 erat
2343 2622 2780 2705 &moremque
2805 2575 3091 2703 ἓζζὲζζζᾱ
3126 2658 3153 2675 ,

667 2701 1008 2767 fortissimi
1054 2704 1388 2769 bellatoris
1433 2705 1751 2781 imitatus,
1798 2725 1936 2769 non
1979 2703 2172 2769 modo
2218 2725 2304 2783 se,
2351 2703 2467 2768 sed
2513 2708 2582 2768 et
2625 2724 2779 2768 suos
2805 2707 2885 2757 for
2905 2707 3006 2757 five

669 2804 1144 2871 commilitones
1206 2805 1464 2872 hostem
1528 2806 1843 2873 caedendo
1887 2806 2127 2871 dextra
2187 2803 2488 2891 laevaque
2555 2811 2776 2891 prote·
2803 2788 2969 2839 years.

668 2908 880 2993 gebat.
1004 2908 1242 2995 Sicque
1294 2910 1555 2976 diabolo
1616 2909 2154 2996 impenetrabilis,
2222 2930 2341 2995 per
2404 2908 2779 2995 quinquen-

666 3009 854 3074 nium
898 3011 973 3075 in
1017 3012 1119 3076 sui
1166 3017 1381 3078 status
1428 3013 1757 3100 dignitate
1801 3013 2180 3099 permansit.

759 3111 907 3188 Sed,
957 3112 1014 3178 Ο
1060 3113 1656 3180 inexterminabilis
1722 3114 1982 3179 invidia
2022 3113 2308 3180 diaboli!
2378 3113 2436 3178 Ο
2483 3113 2781 3180 violenta
2800 3124 2911 3174 The
2936 3124 3063 3192 king

670 3212 1033 3278 dominatio
1095 3215 1278 3299 ejusl
1322 3220 1391 3279 et
1454 3237 1653 3300 quam
1699 3214 1963 3280 difficile
2007 3215 2095 3279 ad
2162 3214 2778 3299 subterfugiendum
2800 3191 3065 3307 mam·

671 3336 755 3379 ex
800 3318 1276 3381 consuetudine
1313 3318 1674 3381 admissum
1711 3317 1827 3403 jus
1872 3316 2297 3403 possessionis
2329 3316 2506 3402 ejus!
2595 3316 2777 3381 Dum
2794 3321 2997 3400 jean-loqu
3019 3325 3083 3373 of

672 3416 849 3481 enim
916 3417 1060 3481 viro
1130 3418 1403 3483 virtutis
1450 3418 1612 3504 quid
1678 3418 1841 3482 novi
1908 3417 1981 3482 in
2043 3418 2223 3505 pacis
2285 3417 2778 3484 subversionem
2802 3388 3029 3449 Wlffld'

672 3518 987 3603 objiceret
1028 3541 1162 3583 non
1215 3520 1559 3598 inveniret,
1607 3522 2033 3606 antiquarum
2094 3521 2573 3587 dissensionum
2634 3543 2777 3607 per-

672 3640 968 3685 suasores
1012 3618 1085 3685 in
1129 3621 1443 3707 pristinos
1475 3628 1694 3688 motus
1742 3621 2007 3700 excitat,
2054 3630 2124 3689 et
2167 3623 2464 3690 celeriter
2509 3645 2626 3710 per
2670 3646 2779 3690 eos

670 3742 892 3808 regem
945 3739 1104 3809 pace
1150 3722 1442 3789 discussa
1501 3724 1573 3789 in
1616 3724 1785 3790 iram
1831 3728 2062 3791 contra
2119 3725 2497 3812 pontificem
2543 3733 2773 3792 armat.

674 3825 742 3891 Ν
743 3848 851 3891 am
917 3827 1135 3894 verbis
1199 3828 1565 3895 delatorum
1633 3851 1959 3907 accensus,
2006 3830 2080 3894 in
2141 3829 2360 3895 varias
2413 3835 2482 3896 et
2547 3830 2776 3896 multi·
2906 3857 2913 3864 ‘

670 3926 872 4014 plices
916 3930 1351 4016 possessiones
1383 3931 1525 4017 ejus
1570 3932 1775 4018 coepit
1813 3931 2037 3997 subita
2080 3929 2445 4017 cupiditate
2476 3937 2773 4010 aestuare‚

672 4036 741 4095 et
785 4052 893 4096 eas
929 4031 1070 4117 juri
1117 4032 1551 4111 ecclesiarum,
1599 4034 1841 4120 quibus
1888 4033 2061 4099 datae
2122 4033 2402 4110 fuerant,
2450 4054 2585 4098 non
2622 4032 2776 4118 jure
2816 4068 2831 4071 a

670 4131 940 4198 auferre.
1033 4133 1159 4200 Cui
1207 4133 1519 4220 quoniam
1565 4134 1915 4200 Wilfridus
1961 4134 2314 4222 episcopali
2374 4134 2774 4200 auctoritate
2799 4142 2903 4190 and
2925 4155 3043 4205 pro-

671 4236 998 4300 contraire
1039 4257 1177 4302 non
1221 4237 1465 4314 timuit,
1513 4238 1704 4325 gravi
1764 4243 1996 4304 contra
2040 4260 2109 4303 se
2154 4258 2375 4324 regem
2434 4237 2779 4303 iracundia
2799 4216 3023 4323 ml?

671 4336 1128 4403 inflammavit.
1220 4338 1418 4404 Unde
1462 4341 1713 4406 factum
1758 4346 1876 4418 est,
1921 4347 2002 4405 ut
2045 4362 2166 4406 rex
2211 4339 2402 4405 illum
2465 4340 2772 4405 omnibus
2799 4339 2922 4390 him.

672 4437 810 4502 suis
877 4438 1230 4524 spoliatum
1294 4462 1336 4505 a
1396 4464 1598 4528 regno
1674 4464 1793 4508 suo
1855 4443 2096 4528 pellere
2163 4447 2571 4528 proponeret.
2662 4441 2774 4507 Ad

674 4540 850 4625 quod
924 4541 1370 4627 peragendum
1436 4549 1518 4608 ut
1590 4543 2153 4630 archiepiscopum
2228 4543 2774 4611 Cantuariensem

740 4771 758 4805 ¹
785 4780 906 4838 pou
925 4774 1185 4842 modim]
1226 4775 1568 4841 postmodum,
1589 4775 1654 4827 B.
1720 4774 1731 4843 Ι
1843 4774 1867 4807 ²
1904 4773 2126 4844 Christi]
2155 4776 2272 4841 Dei,
2293 4777 2365 4830 A.
2388 4778 2450 4831 B.

2467 4878 2513 4929 Ο
