3600 5800
1312 907 1631 956 Auel-orer.
1676 906 2033 956 ANoNYMO.
2590 891 2717 956 421

616 1092 858 1157 summi
919 1091 1283 1159 Salvatoris
1333 1092 1930 1179 Apostolorumque
1977 1092 2195 1180 Ipsius
2239 1113 2464 1159 omnes
2523 1093 2718 1159 villas
2746 1094 2996 1146 Oswald’s

618 1193 745 1259 sibi
797 1194 1190 1272 commissas,
1243 1199 1314 1259 et
1357 1195 1671 1281 erogabat
1715 1195 1986 1281 largiter
2029 1195 2431 1282 pauperibus
2477 1195 2714 1262 elemo-
2740 1163 3063 1296 fflgffigg,

617 1295 813 1373 sinas,
857 1316 974 1381 per
1018 1316 1214 1381 quam
1278 1295 1527 1363 sciebat
1569 1317 1638 1360 se
1691 1297 1764 1360 in
1826 1296 2052 1363 futuro
2118 1299 2420 1363 examine
2487 1298 2716 1364 audire

617 1397 799 1482 piam
864 1398 1278 1473 sententiam,
1333 1396 1580 1476 Venite,
1627 1396 1953 1464 bmwczicti
1994 1398 2235 1465 Patris
2294 1400 2445 1465 mei.
2555 1400 2720 1465 Erat
2748 1412 2800 1465 S.
2821 1413 2974 1466 Μαι.

618 1498 816 1575 enim,
890 1503 970 1563 ut
1036 1499 1336 1585 egregius
1397 1499 1496 1564 ait
1562 1500 1867 1585 agonista
1928 1499 2191 1577 Paulus,
2254 1500 2717 1586 irreprehensi-
2745 1496 2869 1574 xxv:
2891 1487 3009 1575 ³43„

617 1597 788 1677 bilis,
827 1606 897 1665 et
925 1599 1069 1667 Deo
1113 1607 1183 1666 et
1225 1601 1404 1666 omni
1448 1599 1693 1687 populo
1739 1600 2059 1666 amabilis.
2140 1600 2358 1667 Duces
2388 1601 2619 1667 eximii
2653 1606 2723 1667 et
2745 1563 2935 1688 {Tau}
2959 1580 3029 1614 '¹¹‘

617 1701 1131 1767 reverentissimi
1183 1701 1429 1767 milites
1479 1702 1841 1768 venerandi
1886 1702 2057 1788 regis
2119 1723 2272 1767 eum
2335 1702 2719 1788 diligebant,
2744 1707 2854 1785 The
2876 1709 2990 1787 love

618 1804 777 1889 quia
819 1804 1115 1871 sciebant
1158 1826 1310 1870 eum
1347 1825 1485 1870 esse
1519 1804 2055 1891 probatissimum
2089 1803 2413 1870 famulum
2450 1804 2718 1870 Christi.
2743 1774 3058 1892 ffitssssffih

619 1905 875 1992 Vulgus
920 1907 1096 1972 enim
1148 1906 1555 1993 praeamavit,
1601 1907 1759 1992 quia
1802 1906 1928 1972 etsi
1992 1906 2283 1972 humano
2350 1927 2528 1972 more
2572 1928 2720 1993 pec-
2744 1908 2948 1972 garded.

619 2014 891 2086 cessent,
936 2029 1069 2075 non
1114 2009 1480 2094 spernendo
1505 2030 1672 2078 ,eum
1719 2008 1992 2094 respuit,
2038 2009 2153 2074 sed
2204 2014 2481 2095 paterno
2540 2030 2720 2076 more

619 2110 938 2197 corrigere
990 2115 1282 2176 errantes
1325 2110 1601 2187 studuit,
1646 2108 2029 2196 infwnde‘ns
2073 2110 2295 2177 oleum
2338 2118 2397 2178 et
2425 2110 2719 2192 m’snvan;
2748 2111 2801 2164 S·
2825 2113 2987 2174 Luke,

619 2211 835 2277 oleum
891 2211 1377 2298 praedicationis
1411 2213 1498 2278 ad
1534 2212 1833 2289 salutem,
1871 2212 2104 2276 vinum
2140 2213 2227 2278 ad
2263 2214 2721 2300 purgationem
2746 2193 2801 2229 ¹⁸
2824 2186 2905 2230 3⁴⁶

618 2314 858 2380 animae
924 2319 994 2379 et
1057 2314 1358 2400 corporis.
1462 2313 1788 2400 Pauperes
1852 2335 2003 2379 eum
2072 2314 2419 2402 privilegio
2481 2315 2724 2382 affectu

620 2415 1014 2493 dilexerunt,
1060 2416 1221 2501 quia
1264 2416 1358 2481 eis
1403 2416 1780 2503 benigniter
1823 2415 2110 2482 contulit
2171 2416 2407 2483 solatia
2469 2416 2720 2504 fragili-

619 2517 780 2582 tatis
824 2515 1146 2583 humanae.
1240 2516 1416 2582 Raro
1460 2521 1582 2582 aut
1624 2517 1742 2581 vix
1788 2515 1874 2582 ab
1919 2537 1996 2582 eo
2041 2516 2258 2582 exivit
2300 2517 2440 2583 sine
2484 2517 2721 2583 elemo-

618 2620 781 2684 sinae
843 2619 1031 2694 don0,
1097 2618 1254 2704 quia
1313 2619 1388 2683 in
1448 2619 1590 2705 ejus
1647 2618 2012 2703 permansit
2075 2617 2267 2685 corde
2336 2618 2467 2700 Qui
2528 2619 2720 2697 dixit,

623 2720 817 2805 Quod
875 2719 1013 2787 wni
1087 2741 1164 2787 ex
1237 2719 1560 2787 minimis
1623 2720 1791 2788 meis
1864 2718 2137 2807 fecistis,
2212 2718 2392 2787 mihi
2445 2720 2718 2807 fecistis.
2748 2723 2802 2777 S·
2827 2725 2976 2777 Μαῖα

619 2824 790 2892 Cum
835 2823 1012 2890 enim
1045 2823 1252 2888 subiit
1295 2821 1558 2889 visibile
1603 2821 1971 2889 dominium
2018 2822 2263 2889 terreni
2308 2824 2512 2911 regni,
2558 2829 2723 2891 tunc
2745 2809 2831 2844 ’γ’
2853 2797 2938 2845 ⁴⁰·

617 2927 827 3013 magis
857 2925 1121 2992 studuit
1151 2925 1578 3013 semetipsum
1627 2925 1947 2993 inclinare
2000 2926 2087 2991 ad
2119 2946 2484 3013 pauperum
2524 2928 2723 3013 pedes

617 3027 827 3093 Jhesu
884 3025 1151 3093 Christi.
1243 3025 1407 3092 Erat
1442 3026 1712 3112 justitia
1767 3046 1904 3091 non
1948 3026 2270 3113 indigens,
2311 3027 2724 3114 benignitate

617 3129 894 3205 cluens,a
964 3127 1488 3214 hospitalitatem
1581 3148 1879 3213 sequens,
1956 3148 2193 3213 egenos
2268 3133 2338 3193 et
2403 3150 2723 3215 pauperes

619 3231 919 3317 diligens,
966 3229 1073 3294 cui
1119 3228 1357 3294 allecta
1401 3234 1560 3293 sunt
1604 3229 1872 3294 honoris
1903 3234 2281 3313 augmenta,
2314 3230 2400 3295 ad
2431 3230 2723 3297 felicium

619 3332 1003 3398 meritorum
1049 3330 1543 3395 incrementum.

703 3565 800 3631 De
844 3585 914 3630 eo
960 3561 1257 3650 qualiter
1295 3561 1555 3648 praesul
1605 3559 1858 3627 Christi
1901 3561 1996 3626 ad
2039 3560 2354 3647 reqaedum
2398 3562 2643 3641 electus,

809 3672 1042 3754 postea
1083 3662 1439 3732 monachos
1482 3662 1872 3730 ooadwnare
1914 3662 2194 3730 sollicite
2237 3664 2519 3732 studmlt.

710 3822 996 3889 Claritas
1041 3840 1200 3888 vera
1245 3820 1640 3907 Apostolicze
1689 3818 2112 3906 jubilationis
2174 3819 2416 3887 diffusa
2466 3822 2540 3887 in
2585 3845 2721 3890 cor-

620 3926 818 3992 dibus
872 3923 1305 4011 pretiosorum
1353 3922 1821 4008 Apostolorum
1884 3920 2175 3987 mirabili
2240 3943 2348 3987 eos
2393 3922 2722 3993 infusione

620 4026 1001 4103 illustravit,
1048 4030 1117 4091 et
1160 4023 1554 4090 illustrando
1599 4023 1934 4104 erudivit3
1995 4028 2322 4110 quatenus
2375 4024 2531 4091 laeto
2576 4049 2723 4113 pos-

621 4135 772 4197 sent
814 4128 1007 4196 corde
1052 4127 1283 4207 dicere,
1344 4126 1591 4193 Beatus
1635 4146 1834 4212 quem
1893 4133 1972 4193 tu
2019 4125 2373 4205 erudsle‘mla
2421 4127 2720 4208 Domine,
2749 4141 2886 4192 Psal.
2902 4141 3042 4193 xciii.

620 4241 680 4300 et
725 4231 806 4299 de
850 4230 980 4318 lcye
1025 4234 1151 4297 tua
1198 4227 1499 4297 domm-is
1546 4249 1716 4295 eum.
1811 4228 1953 4294 Ista
1997 4250 2152 4294 vero
2197 4229 2489 4316 dignitas
2533 4231 2721 4298 clari-
2753 4212 2829 4258 ¹²·

620 4334 798 4411 tatis,
844 4354 981 4398 non
1024 4331 1111 4398 ab
1153 4329 1553 4409 hominibus,
1599 4330 1715 4395 sed
1761 4352 1848 4395 ex
1893 4329 2034 4395 Deo
2064 4330 2271 4411 venit,
2316 4331 2491 4398 sicut
2535 4332 2719 4398 Idem

623 4436 789 4503 dicit
830 4435 919 4501 ad
949 4433 1232 4510 Patrem,
1268 4431 1592 4517 Olarifica
1621 4452 1743 4509 me,
1775 4430 2004 4508 Pater,
2035 4431 2230 4517 apud
2282 4433 2721 4521 temetipsum,
2749 4445 2803 4497 S.
2822 4446 2987 4525 gohn,

623 4536 932 4604 claritate
1031 4554 1243 4620 quam
1322 4532 1533 4599 habui
1623 4533 2048 4619 priusquam
2120 4533 2428 4599 ‘mundus
2509 4537 2719 4623 fieret.
2748 4528 2872 4563 xvn.
2897 4518 2947 4564 ⁵·

625 4640 773 4705 Hac
808 4636 1129 4705 claritatis
1161 4635 1377 4721 gratia
1421 4639 1580 4699 sunt
1624 4633 1861 4720 inclyti
1906 4634 2157 4720 perfusi
2189 4635 2555 4723 Martyres3
2600 4639 2724 4709 hac

1366 4794 1384 4814 ·
1411 4784 1593 4837 cluens]
1614 4784 1804 4836 pollens,
1822 4785 1981 4830 intere.
