3600 5800
423 1558 535 1642 Τιιὲ
557 1599 660 1644 two

422 1658 684 1711 Herwalds

422 1727 611 1789 preach
633 1726 687 1774 in

422 1791 694 1859 Germany,

484 2605 627 2658 dare

421 4247 662 4300 Suidbert

420 4312 633 4364 audWi
614 4328 691 4364 ira

423 4397 526 4431 wer
471 4379 653 4431 er-efa

421 4461 509 4496 mo
475 4461 569 4496 ons
591 4445 711 4496 mis-
759 4461 815 4527 E
861 4461 1103 4548 quibus
1150 4458 1397 4545 egregii
1442 4457 1760 4524 Suidbert
1806 4454 2143 4544 Viraque³
2186 4459 2490 4591 sacerdos

420 4509 675 4562 8101!OEOE-

763 885 896 950 380
1239 896 1523 947 cmxx
1568 897 1663 945 DE
1706 896 2202 958 Pomm-mmm,
2252 896 2391 947 Ero.

762 1078 1214 1167 Ecclesiasque
1260 1080 1404 1148 Deo
1449 1080 1674 1168 plures
1718 1078 2096 1147 construxit
2137 1079 2404 1157 ibidem,
2684 1082 2859 1145 1040

759 1181 1183 1269 Presbyteros
1226 1184 1299 1248 in
1345 1184 1441 1249 eis
1484 1188 1786 1250 statuens
1832 1182 2153 1269 verbique
2197 1181 2575 1261 ministros,;

759 1284 1003 1350 Omnia
1046 1286 1386 1372 perficiens
1428 1285 1592 1351 felix
1636 1286 1711 1350 in
1753 1306 1914 1372 pace
1959 1285 2232 1372 quievit.

847 1386 1039 1452 Illius
1084 1410 1230 1454 ecce
1265 1394 1278 1452 !
1323 1387 1454 1454 duo
1499 1388 1766 1454 fuerant
1812 1387 2116 1474 exempla
2159 1387 2370 1454 secuti
2885 1400 2968 1451 cf.
2991 1401 3150 1467 Beda,

758 1487 1153 1574 Presbyteri,
1200 1488 1411 1555 nimio
1455 1490 1709 1557 accensi
1753 1490 2010 1556 fervore
2057 1489 2229 1567 fidei,
2886 1473 3042 1519 21⁰·

760 1590 1068 1656 Nominis
1114 1592 1313 1656 unius
1358 1591 1757 1657 Herwaldus
1775 1591 1802 1630 ¹
1848 1598 2130 1677 uterque
2174 1595 2466 1658 vocatus.
2667 1595 2853 1659 2045

757 1691 887 1760 Par
930 1713 1095 1783 opus
1138 1693 1456 1759 ambobus
1501 1695 1680 1772 vitae,
1725 1695 1841 1760 sed
1886 1699 1956 1759 et
2000 1694 2221 1760 exitus
2265 1716 2453 1759 unus.

756 1794 969 1860 Albus
1013 1794 1138 1873 hic,
1186 1795 1298 1861 ille
1343 1797 1545 1882 niger,
1593 1797 1914 1862 distantia
1957 1797 2097 1863 sola
2142 1796 2436 1883 capillis3

755 1897 852 1961 At
895 1897 1084 1983 niger
1127 1897 1201 1961 in
1246 1896 1434 1962 libris
1478 1898 1700 1963 fuerat
1742 1899 2102 1965 studiosior
2145 1899 2311 1966 albo.

757 2001 930 2087 Ergo
973 2001 1048 2065 hi
1095 2000 1437 2077 Saxonum
1481 2023 1759 2088 paganae
1806 2002 2096 2089 compita
2139 2002 2351 2089 plebis
2531 2064 2539 2073 .

756 2102 1126 2181 Intrabunt,
1170 2112 1398 2183 aliquos
1433 2112 1484 2168 si
1523 2112 1756 2168 Christo
1791 2112 2101 2184 adquirere
2137 2118 2408 2184 possent;
2638 2138 2646 2149 ·
2684 2106 2858 2171 1050
2881 2112 3040 2167 Beda.

710 2216 721 2220 ’
758 2204 891 2270 Sed
935 2205 1095 2269 dum
1140 2203 1310 2271 forte
1355 2226 1561 2272 novos
1607 2226 1820 2270 mores
1863 2205 2267 2292 habitusque
2311 2205 2468 2271 fidei

757 2308 1148 2395 Agnoscunt
1190 2308 1431 2387 miseri,
1477 2314 1790 2374 metuunt
1833 2331 1918 2375 ne
1962 2309 2268 2375 funditus
2313 2308 2527 2375 omnis

756 2413 803 2477 J
803 2433 911 2477 am
955 2412 1217 2485 caderet
1261 2413 1456 2478 citius
1503 2417 1802 2478 veterum
1848 2412 2111 2480 cultura
2155 2412 2441 2479 deorum.
2499 2488 2524 2503 ,-

756 2514 900 2580 Hos
944 2514 1165 2580 subito
1209 2520 1434 2600 raptos
1479 2514 1728 2580 crudeli
1775 2520 1986 2580 morte
2030 2521 2388 2580 necarunt:

754 2615 1003 2681 Album
1046 2616 1162 2681 sed
1206 2616 1543 2682 trucidant
1586 2616 1816 2681 statim
1860 2637 2169 2682 mucrone
2213 2623 2502 2696 cruento,
2686 2621 2857 2684 1055

755 2717 986 2805 Longa
1029 2718 1143 2783 sed
1188 2717 1550 2802 exquirunt
1593 2717 1758 2796 duro
1804 2723 2138 2783 tormenta
2180 2719 2460 2804 nigello;

754 2821 978 2907 Atque
1022 2822 1512 2907 peremptorum
1556 2816 1776 2883 Rheni
1822 2817 1948 2882 sub
1992 2817 2287 2882 fluminis
2332 2819 2545 2884 undas

756 2923 1048 3011 Corpora
1089 2920 1465 3009 projiciunt,
1510 2941 1660 3006 quae
1705 2920 1825 2986 sed
1867 2941 2026 2985 mox
2070 2921 2299 2987 ordine
2344 2921 2512 2988 miro

754 3025 1006 3093 Contra
1049 3023 1441 3112 praevalidos
1483 3023 1868 3089 ferebantur
1911 3023 2204 3090 fluminis
2247 3024 2438 3101 ictus,

756 3129 972 3194 Millia
1014 3132 1085 3193 et
1129 3146 1337 3212 usque
1382 3147 1535 3191 suos
1579 3125 1784 3191 socios
1828 3124 2100 3191 undana
2141 3126 2480 3192 natabant.
2683 3129 2858 3192 1060

755 3232 883 3298 Ast
927 3252 1321 3318 quocunque
1365 3230 1509 3296 loco
1553 3230 1915 3295 veniebant
1959 3250 2230 3315 corpora
2272 3234 2483 3306 nocte,

757 3334 1092 3401 Maximus
1136 3332 1295 3403 hinc
1338 3331 1504 3398 lucis
1549 3330 1776 3396 radius
1823 3353 2020 3417 super
2064 3337 2245 3397 astra
2287 3330 2589 3398 refulsit:

758 3436 1014 3501 Lumen
1059 3440 1129 3500 et
1170 3434 1296 3501 hoc
1340 3433 1458 3510 illi,
1506 3433 1621 3518 qui
1667 3437 1930 3500 sanctos
1973 3437 2132 3498 ante
2175 3433 2517 3511 necabant,

755 3538 1111 3624 Aspiciunt
1154 3535 1337 3601 omni
1382 3556 1637 3621 semper
1680 3534 2040 3621 fulgescere
2084 3539 2293 3601 nocte.

756 3639 948 3705 Alter
990 3639 1077 3704 ab
1118 3637 1225 3702 his
1269 3642 1471 3703 noctu
1517 3635 1842 3703 sociorum
1886 3638 2071 3710 visus
2116 3641 2189 3702 at
2232 3637 2352 3701 uni
2399 3643 2515 3715 est,
2688 3641 2855 3705 1065

759 3749 793 3777 “
839 3737 1181 3825 Corpora‚”
1228 3739 1337 3804 cui
1382 3737 1573 3814 dixit,
1621 3745 1656 3773 “
1674 3738 1904 3803 statim
1947 3739 2231 3823 reperire
2274 3738 2551 3823 potestis

759 3851 794 3878 “
839 3842 1102 3919 Nostra,
1149 3840 1266 3905 ubi
1314 3839 1396 3905 de
1442 3839 1620 3905 caelis
1664 3839 1879 3905 lucem
1924 3839 2182 3905 radiare
2225 3838 2526 3906 videtis.''

757 3948 943 4014 Visio
987 3952 1150 4013 tunc
1194 3945 1401 4012 socios
1447 3945 1601 4012 talis
1645 3966 1767 4013 nec
1811 3945 1927 4012 illa
1970 3944 2242 4024 fefellit,
2226 3969 2241 3983 ·

759 4049 1050 4137 Corpora
1092 4069 1378 4133 namque
1423 4046 1581 4114 locis
1626 4047 1720 4114 sic
1762 4052 1923 4112 sunt
1966 4047 2243 4113 inventa
2286 4047 2410 4112 sub
2454 4046 2681 4124 isdem,

692 4150 1299 4237 Martyribusque
1343 4149 1474 4235 piis
1520 4148 1723 4235 digno
1767 4148 2147 4214 conduntur
2165 4145 2192 4187 ²
2234 4148 2498 4214 honore.
2686 4148 2860 4218 1070

847 4257 976 4322 Ast
1018 4255 1136 4321 alii
1180 4260 1381 4340 atque
1425 4254 1543 4319 alii
1588 4254 1868 4341 praefata
1912 4275 1997 4318 ex
2040 4255 2238 4341 gente
2283 4254 2573 4320 ministri

759 4358 1096 4427 Sermonis
1140 4358 1407 4422 fuerant
1450 4355 1585 4420 illis
1629 4354 1703 4419 in
1750 4355 2052 4443 partibus
2096 4355 2290 4422 orbis.

824 4632 1205 4700 ¹Herwaldua]
1236 4632 1526 4695 Hewaldus,
1546 4634 1705 4685 Beda·
1869 4637 2106 4686 ‘Procul
2140 4637 2209 4686 du
2209 4635 2297 4688 bio
2330 4634 2374 4686 is
2398 4643 2494 4697 est,
2514 4635 2602 4700 qui
2625 4635 2860 4686 Wiroab

821 4713 955 4764 'At
979 4713 1228 4780 Colognc,
1250 4714 1413 4773 Beda,
1434 4729 1485 4763 v.
1508 4730 1561 4763 x.
1852 4713 2033 4765 “aliis
2068 4715 2366 4779 appellatur,
2405 4730 2560 4780 quem
2596 4714 2652 4764 ιιι
2687 4722 2858 4764 monte

821 4789 845 4824 ⁸
877 4796 911 4820 ‘⁶
934 4792 1105 4854 Hujus
1159 4792 1307 4842 Beda
1359 4806 1465 4843 non
1519 4790 1766 4842 meminit.
1852 4794 1885 4823 ‘⁸
1923 4791 1978 4844 S.
2026 4791 2219 4846 ottiliae
2263 4806 2418 4858 prope
2462 4793 2860 4845 Ruroemondam
