3600 5800
860 848 993 912 500
1724 862 2094 913 APPENDIX.

522 1042 775 1121 Eadmer,
858 1044 1063 1116 spexit,
1114 1044 1319 1109 irrisit,
1391 1042 1461 1101 et
1525 1061 1561 1098 a
1613 1062 1677 1100 se
1724 1046 1926 1115 procul
1990 1044 2221 1115 abjecit,
2295 1057 2648 1123 omnesque
2729 1045 2958 1102 nobiles

521 1124 634 1170 ΒΨ·
650 1125 831 1159 mv·
857 1125 1156 1189 unanimi
1194 1138 1397 1189 contra
1434 1124 1755 1190 Sanctum
1791 1134 2218 1205 conspiratione
2257 1133 2588 1204 insurgunt,
2641 1151 2709 1189 ac
2752 1133 2961 1188 multis

520 1187 733 1303 ἓξὲξ
754 1187 799 1238 ³⁸
858 1214 1230 1270 contumeliis
1281 1214 1560 1278 afficiunt,
1618 1225 1678 1268 et
1728 1231 1763 1267 a
1812 1213 1975 1283 regis
2023 1217 2335 1284 conspectu
2384 1213 2652 1268 avulsum
2709 1212 2959 1268 cameris

523 1319 647 1369 with
669 1319 814 1387 igno„
857 1291 975 1347 imo
1041 1292 1470 1349 detrudendum
1539 1292 1847 1363 arripiunt.
1947 1291 2375 1362 Ermenburgis
2449 1297 2645 1348 autem
2714 1284 2961 1369 regina,

521 1385 683 1450 may,
854 1370 1136 1427 bonorum
1172 1373 1434 1428 omnium
1495 1371 1873 1443 persecutrix,
1913 1376 1976 1425 et
2009 1371 2185 1442 hujus
2223 1370 2509 1426 scismatis
2545 1372 2792 1438 auctrix,
2830 1389 2960 1443 cap-

860 1454 1050 1510 sulam
1100 1456 1486 1527 reliquiarum
1535 1455 1609 1509 de
1661 1453 1843 1526 ipsius
1894 1452 2046 1509 collo
2095 1453 2353 1519 abstulit,
2406 1471 2660 1526 eumque
2708 1455 2962 1511 feminea

856 1537 1209 1608 loquacitate
1242 1538 1498 1595 derisum
1537 1537 1768 1610 abjecit.

519 1640 760 1702 Eminet,
948 1621 1070 1686 Vir
1131 1629 1355 1688 autem
1408 1623 1536 1687 Dei
1577 1630 1652 1685 ad
1691 1646 1827 1686 suos
1863 1642 2232 1697 converSUS,
2277 1621 2390 1699 ait,
2444 1632 2482 1656 ‘⁸
2500 1629 2637 1685 Non
2683 1647 2788 1686 vos
2836 1631 2962 1686 haec

519 1722 633 1771 oeP·
656 1721 820 1758 xxxv·
861 1712 901 1737 “
940 1728 1072 1782 quae
1113 1712 1279 1767 nobis
1315 1712 1610 1781 ingeritur
1658 1710 1877 1781 inJ'uria
1926 1710 2143 1776 turbet,
2187 1727 2296 1765 neo
2334 1728 2371 1764 a
2413 1710 2683 1766 veritatis
2723 1711 2963 1766 tramite

523 1784 835 1839 Hisaddroes
860 1792 900 1818 “
940 1808 1174 1863 quoquo
1207 1791 1378 1846 modo
1415 1781 1699 1868 dejiciat.
1795 1790 1925 1845 Prae
1962 1789 2145 1845 oculis
2180 1806 2409 1860 semper
2444 1789 2677 1854 habete,
2722 1790 2827 1860 qui
2864 1807 2965 1844 vo-

520 1852 678 1929 w.¹²¹⁸
862 1871 1049 1926 “luit
1106 1872 1170 1927 in
1230 1870 1463 1928 Christo
1508 1870 1606 1942 pie
1652 1869 1873 1934 vivere,
1944 1868 2273 1924 necessario
2330 1867 2775 1923 tribulationem
2836 1869 2961 1939 pati

521 1916 731 1969 mend*
863 1947 900 1976 ‘⁸
939 1954 1226 2021 oportere.
1318 1941 1532 2007 Nemo
1578 1940 1756 2005 enim
1801 1946 2153 2005 coronatur
2201 1948 2320 2003 nisi
2373 1949 2476 2019 qui
2525 1954 2727 2003 contra
2761 1947 2962 2004 diabo-

860 2037 1059 2091 “lum
1119 2038 1415 2095 studuerit
1469 2037 1739 2110 legitime
1791 2036 2156 2094 decertare.’'
2252 2030 2342 2095 Et
2394 2040 2567 2096 ecce!
2630 2029 2747 2116 qui
2808 2050 2959 2094 eum

520 2139 576 2191 Ι,
599 2148 692 2206 put
713 2141 766 2192 jn
857 2126 1128 2183 manibus
1186 2118 1602 2203 stringebant
1659 2125 1884 2181 acriore
1937 2126 2135 2181 furore
2171 2145 2240 2183 ex
2274 2127 2468 2184 verbis
2523 2119 2666 2205 ejus
2710 2127 2959 2193 accensi,

520 2205 708 2270 prison.
857 2224 995 2264 eum
1029 2206 1334 2263 tenebroso
1367 2206 1635 2263 vinctum
1668 2205 1733 2258 in
1768 2222 2001 2260 carcere
2037 2205 2424 2262 detruserunt.

519 2300 681 2380 Idem³
702 2316 816 2368 cap.
928 2299 1096 2354 Inter
1129 2298 1276 2362 haec,
1315 2315 1459 2352 uxor
1493 2297 1753 2368 praefecti
1794 2296 1895 2368 qui
1932 2289 2250 2354 Sanctum
2285 2298 2349 2352 in
2386 2298 2653 2354 custodia
2687 2299 2960 2364 habebat,

518 2382 699 2419 mu·
855 2388 1136 2442 acerrimo
1211 2387 1494 2457 languore
1571 2382 1884 2462 correpta,
1941 2385 2017 2441 ad
2075 2391 2335 2441 extrema
2393 2387 2532 2441 vitae
2598 2386 2959 2458 perducitur.

858 2465 991 2532 Sed
1036 2488 1184 2531 cum
1231 2465 1572 2552 episcopus
1617 2466 1852 2532 solutis
1915 2465 2197 2530 nexibus
2259 2465 2346 2530 ad
2391 2486 2533 2531 eam
2605 2465 2960 2552 perductus

856 2561 1040 2632 esset,
1088 2579 1299 2634 aquam
1336 2562 1647 2629 benedixit,
1687 2568 1748 2618 et
1784 2579 1959 2634 super
1993 2576 2138 2619 eam
2168 2555 2422 2639 spersit,
2459 2576 2580 2620 nec
2614 2562 2777 2634 prius
2811 2578 2964 2632 aqua

853 2642 1204 2698 infirmantis
1219 2642 1478 2697 membra
1499 2644 1719 2714 tetigit,
1746 2660 1943 2714 quam,
1960 2644 2117 2696 omni
2136 2642 2420 2712 languore
2445 2642 2701 2714 depulso,
2726 2640 2962 2695 mulieri

852 2723 1112 2795 perfecta
1160 2721 1376 2777 sanitas
1427 2721 1623 2777 rediit.
1714 2722 2036 2777 Praefectus
2088 2727 2288 2777 autem
2341 2713 2526 2779 misit
2585 2712 2673 2779 ad
2738 2731 2959 2797 regem

520 2812 620 2866 His
644 2814 830 2878 keeper
854 2823 1005 2869 cum
1067 2800 1192 2866 hoc
1264 2800 1652 2865 miraculum
1721 2800 2000 2865 vidisset
2060 2800 2298 2877 dicens,
2367 2811 2405 2835 ‘⁶
2427 2810 2542 2864 Per
2599 2808 2846 2863 salutem
2901 2812 2963 2860 et

519 2880 714 2960 resufffi
736 2887 792 2960 3⁰
860 2907 897 2932 ‘⁶
935 2920 1185 2974 regnum
1220 2909 1391 2959 tuum
1426 2902 1521 2958 te¹
1557 2901 1784 2973 adjur0,
1826 2902 2102 2972 quatinus
2137 2901 2498 2956 sacerdotem
2542 2898 2780 2956 Domini
2815 2896 2961 2953 Wil-

516 2956 679 2998 κω
701 2947 809 2997 hm
858 2991 894 3016 ‘⁸
933 2985 1151 3042 fridum
1175 3003 1213 3041 a
1232 3002 1326 3040 me
1351 2984 1571 3040 diutius
1596 2984 1851 3040 detineri
1875 3001 1992 3039 non
2030 2984 2228 3064 facias,
2256 2983 2398 3055 quia
2419 2985 2610 3040 fateor
2634 2981 2843 3037 melius
2869 2988 2962 3037 est

519 3029 574 3064 m
596 3014 829 3079 emmy‘
859 3074 898 3101 “
934 3069 1084 3124 mihi
1106 3067 1280 3134 mori,
1307 3085 1482 3140 quam
1505 3068 1570 3122 in
1595 3084 1730 3123 eum
1754 3066 1979 3139 aliquid
2016 3066 2368 3139 injuriarum
2392 3066 2645 3122 ulterius
2673 3081 2958 3121 exercere.

856 3153 896 3179 “
940 3147 1107 3218 Quod
1144 3147 1196 3204 si
1230 3147 1341 3203 hac
1377 3146 1737 3219 adjuratione
1774 3145 2050 3218 despecta
2076 3145 2140 3201 in
2175 3146 2467 3202 sententia
2499 3150 2605 3202 tua
2641 3144 2961 3217 persistere

856 3239 896 3265 “
933 3236 1142 3302 mavis,
1157 3297 1166 3312 ι
1181 3252 1278 3290 me
1313 3234 1490 3290 simul
1528 3251 1661 3290 cum
1697 3250 1765 3289 eo
1811 3239 2104 3291 tormenta
2138 3241 2199 3291 et
2231 3232 2510 3292 mortem
2554 3238 2710 3293 velle
2763 3243 2962 3313 magis

857 3319 896 3343 ‘⁸
936 3316 1136 3372 subire
1172 3331 1477 3387 cognosce,
1516 3331 1691 3385 quam
1730 3330 1866 3369 eum
1902 3313 1966 3369 in
2000 3318 2306 3372 tormentis
2353 3316 2632 3372 habere.'’
2702 3317 2801 3374 Ad
2835 3322 2963 3377 haeo

521 3408 606 3459 He
627 3408 674 3459 is
696 3417 810 3460 sent
852 3424 983 3474 rex,
1019 3408 1399 3463 vehementer
1447 3406 1652 3471 iratus,
1700 3405 1888 3476 jussit
1943 3404 2223 3462 Sanctum
2260 3406 2394 3463 duci
2447 3408 2523 3464 ad
2556 3401 2761 3466 alium
2814 3431 2963 3484 prse-

519 3475 806 3528 elssel'heffl·
855 3497 1095 3561 fectum,
1152 3499 1355 3567 utpote
1404 3484 1759 3562 fortiorem,
1789 3494 2142 3566 praecipiens
2194 3502 2263 3551 ut
2311 3497 2688 3568 compedibus
2723 3506 2786 3556 et
2833 3502 2961 3556 vin·

853 3583 1005 3639 culis
1041 3582 1275 3639 fortiter
1321 3582 1627 3638 astrictum
1668 3580 1906 3638 arctiori
1922 3580 1946 3613 ²
1980 3582 2260 3638 custodiae
2290 3585 2668 3657 manciparet.
2761 3578 2962 3645 Cum-

854 3683 983 3748 que
1044 3661 1169 3727 hoc
1211 3660 1483 3746 implere
1537 3666 1844 3737 tentaret,
1904 3674 2078 3741 rupta
2125 3669 2363 3726 vincula
2417 3672 2800 3742 dissiliebant,
2861 3683 2965 3733 aut

854 3765 1014 3816 certe
1073 3750 1344 3830 colligari
1407 3775 1519 3813 uon
1577 3757 1836 3813 valentia
1888 3756 2104 3812 diffusa
2154 3757 2479 3824 cadebant3
2542 3766 2603 3816 et
2651 3779 2719 3817 eo
2768 3764 2963 3821 minor

853 3838 1083 3910 ligandi
1134 3841 1397 3909 potestas
1449 3837 1742 3900 extiterat,
1798 3852 1916 3906 quo
1976 3834 2052 3890 ad
2100 3835 2409 3906 ligandum
2466 3840 2700 3896 hostilis
2759 3842 2962 3900 feritas

855 3921 1169 3978 immanius
1205 3921 1504 3977 saeviebat.

517 4003 756 4064 mmet,
926 4000 1085 4056 Dum
1137 3992 1280 4059 haec
1338 3995 1705 4078 agerentur,
1749 3990 1982 4077 regina
2025 3998 2205 4055 nimio
2260 4001 2416 4056 fastu
2468 4007 2722 4069 tumens,
2777 4007 2963 4078 raptis

519 4068 830 4134 mlumfi·
854 4081 1136 4148 abutens
1180 4088 1464 4161 reliquiis,
1502 4079 1602 4145 ira
1647 4079 1774 4145 Dei
1821 4084 2136 4165 correpta,
2180 4087 2471 4144 doemonio
2504 4095 2765 4147 vexatur.

517 4185 601 4238 He
622 4203 770 4239 eures
948 4182 1142 4264 Quod
1186 4203 1337 4250 cum
1403 4202 1523 4246 rex
1583 4201 1627 4247 a
1688 4180 2099 4267 sapientibus
2164 4185 2432 4267 propter
2496 4180 2751 4248 illatam
2796 4182 2995 4250 Wil-.

517 4252 788 4369 32³8un
855 4284 1026 4351 frido
1072 4283 1384 4371 injuriam
1437 4282 1687 4349 factum
1734 4288 2165 4370 cognosceret,
2212 4281 2531 4349 Sanctum
2574 4305 2617 4348 a
2678 4285 2962 4352 nexibus

518 4383 740 4438 disease.
855 4387 1148 4454 solutum
1209 4390 1453 4451 terram
1513 4405 1701 4450 suam
1762 4383 1943 4450 exire
2003 4384 2331 4470 praecepit.
2433 4382 2676 4450 Volens
2735 4392 2963 4453 autem

854 4513 1059 4552 servus
1094 4495 1206 4551 Dei
1245 4494 1465 4550 bonum
1499 4510 1606 4565 pro
1654 4492 1811 4549 malo
1850 4492 2113 4558 reddere,
2150 4491 2342 4548 oravit
2389 4483 2477 4550 ad
2528 4493 2862 4563 Dominum,
2903 4500 2965 4551 et

851 4575 1122 4646 reginam
1156 4573 1423 4629 damone
1458 4573 1665 4644 fugato
1700 4571 1942 4629 sanitati
1974 4571 2255 4628 restituit.

921 4752 936 4785 ¹
974 4752 1044 4818 te]
1086 4752 1203 4803 Om.
1227 4751 1290 4802 E.
1315 4752 1379 4802 O.
1902 4748 1912 4816 1
2024 4747 2046 4780 ²
2079 4749 2317 4817 arctior-5]
2357 4749 2559 4815 acriori,
2582 4750 2642 4803 E.
