3600 5800
812 910 940 975 366
1282 922 1572 974 cmm
1618 923 1713 971 DE
1759 922 2254 985 romu-lomus,
2307 922 2446 971 Ero.

808 1111 1137 1177 Redditur
1181 1117 1445 1192 aeterno‚
1490 1134 1747 1199 semper
1795 1113 1927 1194 Qui
1971 1113 2212 1179 liberat
2258 1133 2483 1179 omnes

807 1215 892 1278 In
938 1214 1022 1279 Se
1069 1222 1409 1300 sperantes
1452 1215 1750 1293 clemens„
1798 1221 1867 1281 et
1911 1216 2127 1282 salvat
2170 1216 2431 1301 ubique.
2611 1224 2618 1229 ’
2779 1219 2904 1282 555

809 1316 955 1382 Hoc
1000 1322 1145 1381 erat
1205 1317 1330 1382 hoc
1376 1318 1577 1382 etiam
1624 1318 1855 1384 multis
1900 1319 2064 1383 satis
2110 1318 2273 1383 utile
2317 1318 2608 1397 bellum;

806 1418 1120 1502 Namque
1165 1439 1352 1484 suam
1396 1425 1661 1505 gentem
1709 1442 1828 1484 rex
1873 1420 2176 1485 hostibus
2223 1420 2398 1484 eruit
2441 1420 2624 1497 acriS,

806 1519 1202 1583 Merciorum
1248 1519 1402 1583 fidei
1449 1520 1733 1605 sceptris
1768 1526 1838 1585 et
1882 1520 2182 1585 subdidit
2225 1520 2436 1597 almis,

760 1642 767 1649 ‘
805 1619 1075 1685 Sacrato
1121 1620 1367 1686 faciens
1413 1621 1836 1707 baptismatis
1880 1643 2074 1687 amne
2121 1620 2349 1699 lavari,
2613 1672 2618 1681 .

804 1722 1055 1807 Perque
1098 1721 1306 1799 illum,
1353 1723 1641 1788 donante
1686 1723 1847 1802 Deo,
1894 1724 2150 1788 ditatur
2193 1729 2472 1810 uterque
2787 1729 2918 1792 560

804 1813 1156 1909 Magnifico
1201 1824 1485 1910 populus
1530 1825 1809 1890 caelestis
1856 1847 2124 1891 munere
2171 1826 2362 1890 doni:

801 1924 923 1989 Ille
968 1924 1158 1990 heres
1204 1925 1436 2010 patriae
1481 1925 1712 2003 factm,
1760 1925 1871 1991 hic
1915 1927 2096 2015 civis,
2128 1926 2416 2012 Olympi.

795 2026 1014 2091 Ambo
1057 2023 1338 2112 gentiles
1385 2028 1652 2113 gemino
1688 2029 1982 2093 ‚micuere
2029 2029 2386 2114 triumpho,

799 2124 1134 2193 Daemonis
1178 2128 1289 2193 ille
1325 2128 1508 2214 jug0,
1555 2135 1816 2195 terreno
1860 2131 1970 2195 hic
2014 2130 2204 2195 hoste
2249 2131 2527 2196 solutus.

461 2234 643 2314 ani’s
667 2239 771 2289 vie·
887 2231 1180 2296 Plurima
1223 2231 1558 2295 continuis
1605 2232 1864 2296 domuit
1909 2238 2059 2318 post
2104 2254 2308 2318 regna
2354 2233 2711 2318 triumphis
2778 2238 2902 2300 565

459 2308 737 2418 qugffiand
798 2334 977 2412 Osui,
1023 2334 1334 2400 nobiliter
1379 2334 1627 2420 patrias
1673 2340 1742 2399 et
1785 2335 1964 2399 rexit
2007 2334 2319 2412 habenas,
2496 2396 2502 2409 ,

794 2437 1280 2521 AEquoreasque
1325 2436 1453 2501 sibi
1497 2442 1727 2522 gentes
1772 2435 1930 2501 hinc
1975 2437 2129 2502 inde
2175 2436 2478 2523 subegit3

794 2537 937 2603 Has
982 2543 1225 2602 terrore
1271 2560 1587 2623 premens,
1634 2538 1782 2603 illas
1829 2559 2139 2603 mucrone
2185 2560 2497 2615 coercens,

794 2640 1111 2706 Victrices
1152 2641 1409 2726 aquilas
1454 2662 1572 2726 per
1616 2661 1820 2727 regna
1862 2640 2115 2706 ferebat
2160 2641 2421 2726 ubique.

794 2742 1078 2828 Legibus
1122 2741 1232 2807 ille
1279 2742 1480 2808 etiam
1525 2741 1743 2807 fuerat
1779 2742 2190 2828 justissimus
2236 2742 2459 2827 aequiS,
2764 2742 2895 2812 570

791 2845 1091 2910 Invictus
1137 2844 1339 2923 bellis,
1386 2866 1642 2911 necnon
1686 2845 1759 2910 in
1803 2867 1962 2930 pace
2007 2841 2237 2921 fidelis,

789 2947 1128 3012 Donorum
1174 2947 1395 3033 largus
1441 2948 1710 3025 miseris,
1758 2947 1925 3032 pius,
1972 2947 2274 3010 omnibus
2318 2967 2560 3030 aequus.

669 3061 673 3065 ’
791 3049 1150 3135 Imperium
1195 3049 1485 3114 retinens
1531 3055 1835 3135 septenos
1879 3069 2034 3132 nam
2081 3053 2315 3133 quater
2357 3067 2579 3124 annos,
2916 3061 2999 3139 pf.
3025 3063 3186 3127 Beda,

471 3150 606 3200 ΑΒ·
627 3155 741 3203 670-
790 3151 1187 3237 Compositis
1232 3152 1425 3216 rebus
1470 3150 1634 3216 felix
1678 3151 1750 3214 in
1796 3171 1955 3235 pace
2000 3150 2274 3236 quievit,
2913 3144 2982 3178 nr.
3009 3135 3055 3180 ⁵·

786 3253 1068 3340 ngredo
1113 3254 1381 3318 tradens
1426 3253 1691 3339 proprio
1734 3252 2111 3317 diademata
2155 3256 2330 3329 nato,
2756 3252 2883 3322 575

785 3354 1067 3441 ngredo
1111 3355 1394 3420 moriens
1438 3355 1686 3440 regalia
1744 3361 2004 3440 sceptra
2047 3353 2437 3438 relinquens

871 3456 1189 3542 Tempore
1233 3478 1387 3524 nam
1433 3456 1667 3523 micuit
1712 3454 2061 3519 Wilfridus
2107 3456 2448 3541 episcopus
2493 3455 2624 3533 illo,
2910 3473 2989 3551 pf:
3014 3474 3173 3536 Beda,

782 3557 992 3637 Quem
1038 3558 1219 3623 Deus
1267 3558 1701 3642 Omnipotens
1744 3556 1996 3620 infudit
2040 3555 2183 3621 luce
2230 3578 2525 3641 superna,
2909 3555 2978 3589 nv.
3007 3545 3085 3592 ¹³·

782 3658 1091 3724 Errorum
1136 3659 1401 3728 tetricas
1446 3660 1638 3724 terris
1682 3662 1762 3722 ut
1806 3657 2081 3743 pelleret
2125 3658 2405 3735 umbras,

444 3764 650 3816 wilfrid
780 3761 905 3826 Per
948 3762 1089 3828 loca
1132 3767 1468 3848 perpetuae
1514 3766 1916 3847 quapropter
1959 3760 2173 3824 multa
2217 3761 2450 3826 salutis
2751 3770 2881 3830 580

440 3833 722 3951 ξῖθὲζξιέκ
779 3863 1103 3928 Gentibus
1148 3869 1217 3928 et
1261 3863 1522 3948 populis
1568 3862 1884 3927 doctrinae
1927 3861 2183 3927 lumina
2227 3863 2481 3947 sparsit.

776 3965 965 4031 Illius
1010 3965 1339 4031 Australis
1391 3965 1610 4030 studio
1666 3964 1959 4030 Saxonia
2004 3962 2342 4029 Christum

776 4066 1090 4144 Credidit,
1138 4071 1206 4131 et
1250 4065 1423 4131 claro
1467 4065 1730 4151 perfilsa
1773 4071 1876 4130 est
1918 4064 2220 4150 lampade
2266 4065 2441 4130 vitae.

774 4167 916 4235 Nec
960 4169 1171 4233 solum
1217 4167 1490 4253 populos
1518 4166 1773 4232 animae
1820 4166 1902 4230 de
1947 4172 2157 4231 morte
2202 4167 2492 4252 maligna

697 4342 707 4350 ,
774 4270 932 4336 Illos
975 4271 1252 4337 antistes
1297 4269 1609 4335 doctrinis
1654 4268 1831 4333 eruit
1873 4268 2080 4346 almis,
2745 4280 2869 4340 585

776 4372 908 4437 Sed
952 4393 1109 4438 nece
1155 4373 1236 4436 de
1283 4375 1607 4458 praesente
1655 4369 1856 4435 simul
1901 4370 2202 4436 salvavit*
2233 4372 2511 4438 eosdem.

772 4473 1089 4559 Tempore
1132 4472 1459 4558 contiguis
1503 4469 1617 4536 illo
1661 4492 1817 4535 nam
1857 4471 1989 4556 ‚sub
2033 4470 2245 4536 tribus
2289 4474 2483 4536 annis

439 4577 522 4628 On
544 4578 632 4627 the
773 4575 839 4638 N
842 4597 930 4639 on
973 4594 1094 4651 ros,
1141 4593 1275 4638 non
1318 4572 1529 4637 imber
1573 4571 1872 4636 sitientes
1917 4571 2165 4657 inrigat
2206 4594 2433 4659 agros3

434 4646 713 4759 ffic‘l’xnthe
771 4675 979 4740 Arida
1025 4672 1445 4759 flammigeris
1489 4670 1770 4736 tabescit
1815 4676 1992 4736 terra
2035 4672 2161 4736 sub
2202 4675 2414 4752 astris,

435 4777 613 4840 people
634 4790 721 4827 are
769 4778 859 4843 Et
901 4777 1152 4844 victum
1199 4776 1445 4863 pariter
1489 4774 1870 4860 hominique
1915 4774 2199 4864 feraeque
2243 4779 2544 4863 negabat.
2729 4786 2864 4851 590
