3600 5800
1205 904 1298 952 s‘r.
1344 902 1530 952 Jorm
1576 904 1663 952 or
1708 902 2089 953 BEVERLEY.
2567 886 2691 948 521

595 1180 645 1245 Ι
639 1177 862 1266 ncipit
899 1178 1065 1246 Vita
1092 1177 1290 1245 Beati
1328 1176 1675 1243 Johannis
1720 1175 2206 1264 archiepiscopi
2234 1174 2696 1253 Eboracemis,

1406 1300 1629 1345 ‘nonas
1671 1278 1755 1343 Μ
1749 1278 1875 1344 aii.

1635 1430 1686 1494 1.

691 1558 1122 1624 Beatissimus
1138 1557 1164 1596 ¹
1208 1557 1255 1623 J
1255 1557 1546 1622 ohannes
1605 1555 2133 1642 archiepiscopus
2178 1556 2360 1620 intra
2418 1555 2705 1622 confinia

599 1659 968 1746 Anglorum
1030 1660 1265 1737 editus,
1312 1680 1461 1724 cum
1524 1657 1743 1724 adhuc
1806 1656 2044 1743 puerili
2090 1657 2475 1742 pubesceret
2537 1679 2701 1735 aevo‚

602 1761 1003 1847 T[h]eodoro
1072 1760 1539 1828 Cantuariensi
1602 1760 1987 1826 commissus
2034 1764 2136 1824 est
2197 1758 2700 1845 archiepiscopo,

602 1864 848 1949 quique
911 1864 1102 1928 illum
1166 1863 1347 1928 omni
1424 1862 1776 1949 probitatis
1841 1883 2021 1926 more
2090 1862 2429 1937 instruxit,
2500 1867 2702 1947 atque
2726 1878 2803 1930 st.
2828 1878 3019 1958 Jonn’s

602 1970 979 2031 sanctarum
1024 1965 1367 2030 literarum
1414 1963 1839 2050 prudentiam
1885 1962 2125 2029 docuit.
2222 1962 2523 2048 Cumque
2560 1964 2703 2049 jam
2727 1945 2867 2010 ‘³⁸¹5
2888 1944 2995 1995 ΜΘ·

604 2066 770 2133 bene
816 2067 1113 2131 imbutus
1163 2067 1577 2131 diversorum
1642 2066 1964 2130 librorum
2010 2070 2182 2129 esset
2242 2064 2471 2143 literis,
2518 2065 2659 2131 loca
2680 2063 2707 2103 ²

603 2168 798 2232 istius
874 2169 1158 2255 regionis
1235 2168 1630 2254 peragravit,
1707 2168 1997 2253 plurima
2071 2167 2303 2231 divina
2377 2167 2707 2232 seminans

603 2270 915 2356 germina,
985 2270 1357 2356 multosque
1425 2270 1814 2336 diaconatus
1883 2268 2111 2334 ordine
2175 2273 2245 2333 et
2310 2269 2708 2354 presbyterii

605 2371 1047 2438 sanctificavit
1090 2373 1353 2449 honore,
1385 2372 1467 2437 de
1514 2393 1795 2457 quorum
1842 2370 2116 2456 collegio
2149 2370 2432 2437 Sanctus
2478 2370 2709 2436 extitit

606 2474 803 2551 Beda,
852 2476 967 2560 qui
1013 2475 1227 2540 multa
1269 2475 1669 2560 Apostolicae
1730 2474 1889 2539 fidei
1934 2473 2300 2539 cultoribus
2361 2473 2709 2559 descripsit

597 2575 818 2642 utilia.
1620 2643 1636 2656 ‚

1613 2690 1732 2757 II.3

700 2821 1059 2909 Postquam
1107 2843 1260 2909 ergo
1305 2821 1835 2909 archiepiscopus
1851 2819 1879 2858 ⁴
1946 2820 2343 2886 venerabilis
2391 2819 2521 2887 Eta
2564 2841 2709 2887 cur-

610 2947 756 2990 sum
802 2924 1110 2991 humanae
1157 2925 1319 2990 vitae
1367 2924 1744 3011 complevit,
1791 2923 1936 2989 Deo
1983 2924 2389 3010 disponente,
2436 2945 2515 2990 ac
2559 2946 2710 3011 rege

610 3028 864 3114 inclyto
918 3028 1212 3094 Ealfiido
1233 3026 1258 3065 ⁶
1305 3033 1660 3103 annuente,
1710 3025 2107 3111 praesulatus
2168 3026 2456 3111 suscepit
2507 3026 2710 3092 hono-

612 3150 751 3193 rem
797 3130 1219 3214 supradictus
1263 3126 1310 3192 J
1311 3128 1605 3193 ohannes
1668 3127 1742 3189 in
1787 3125 1928 3191 loco
1969 3127 2085 3211 qui
2133 3125 2665 3192 Helstoldesham
2688 3126 2716 3165 ⁶

613 3229 963 3294 vocitatur.
1089 3230 1241 3314 Ipse
1318 3229 1522 3293 etiam
1601 3226 1648 3292 J
1649 3226 1944 3291 ohannes
2018 3227 2307 3294 habebat
2382 3227 2711 3312 quendam
2734 3244 2980 3295 Beoomos

611 3349 869 3415 magnae
915 3329 1294 3395 sanctitatis
1340 3329 1700 3405 diaconem,
1746 3328 2014 3393 nomine
2060 3328 2485 3405 Brithunum,
2517 3351 2712 3414 quem
2734 3310 3002 3429 {ss‘ffigf

612 3429 686 3493 in
760 3431 1157 3495 monasterio
1235 3451 1355 3494 suo
1430 3429 1609 3514 quod
1685 3428 1999 3495 Beverlec
2069 3430 2328 3508 dicitur,
2404 3430 2713 3496 abbatem

612 3531 1138 3597 sanctimonialis
1161 3529 1186 3570 ⁷
1217 3531 1380 3596 vitae
1414 3531 1779 3598 constituit.
1875 3529 2026 3615 Ipse
2044 3528 2071 3569 ⁸
2101 3531 2444 3617 episcopus
2490 3553 2716 3599 omnes

612 3634 701 3700 ad
764 3656 832 3699 se
900 3634 1248 3699 venientes
1315 3634 1404 3698 ad
1470 3633 1652 3699 viam
1716 3632 2023 3698 veritatis
2096 3633 2381 3699 assiduis
2443 3636 2715 3702 monitis

614 3736 961 3814 convertit,
1010 3741 1079 3802 et
1125 3757 1245 3823 pro
1289 3757 1487 3823 grege
1533 3734 1661 3800 sibi
1707 3734 2053 3800 commisso
2097 3736 2410 3822 omnique
2470 3738 2715 3824 populo

616 3839 957 3905 Christum
979 3837 1007 3877 ⁹
1043 3838 1300 3926 jugiter
1345 3838 1578 3904 oravit.

625 3999 774 4006 ————--
795 3999 820 4005 —
919 3997 1150 4004 -—-—-—-—
1201 3999 1210 4002 -
1303 3998 1320 4002 -
1345 3999 1356 4000 ff
1375 3997 1418 4002 ——
1443 3997 1472 4003 ῳ
1531 3997 1544 4002 0
1571 3997 1584 4000 -
1599 3997 1608 4000 -
1733 3997 1742 4000 -
1814 3995 1931 4001 Η--ι-
1954 3996 2029 4001 —-
2048 3997 2057 4000 -
2166 3997 2175 4000 -
2196 3996 2714 4006 —m—-m

683 4095 698 4128 ¹
733 4093 1091 4159 Boas-seimus]
1122 4093 1296 4159 igitur,
1316 4094 1412 4143 ins.
1434 4094 1494 4143 T.
1783 4076 1806 4109 ⁸
1836 4077 1948 4144 IL]
1988 4078 2167 4130 Lectio
2209 4080 2460 4143 Secunda,
2494 4081 2577 4145 Τ.,
2615 4086 2718 4135 and

1713 4173 1771 4207 so
1795 4173 1882 4220 on,
1903 4172 1961 4208 as
1981 4156 2064 4207 sar
2084 4173 2142 4208 as
2164 4159 2277 4209 that
2305 4158 2418 4210 MS.
2439 4175 2581 4225 goes.

1222 4288 1233 4302 ‚
1474 4288 1487 4301 ‚
1777 4235 1799 4267 ⁴
1835 4234 2234 4303 archiepiscopus
2269 4236 2407 4304 Eia]
2450 4237 2716 4304 episcopus

615 4293 728 4343 first
759 4300 862 4343 two
897 4291 1149 4355 chapters,
1171 4290 1293 4339 wlth
1320 4290 1404 4381 the
1443 4289 1618 4355 eighth
1713 4317 1831 4375 Em,
1854 4315 1941 4365 the
1965 4324 2161 4366 eom
2180 4315 2409 4383 reading,
2426 4317 2486 4367 T.

615 4372 720 4422 and
740 4370 827 4421 the
849 4369 1196 4428 seventcenth,
1217 4374 1494 4419 constitute
1528 4368 1619 4418 the
1778 4395 1800 4427 5
1834 4392 2107 4459 gulfi-5110]
2137 4377 2363 4458 mdo,
2385 4396 2444 4445 T.

619 4449 861 4501 Lcctions
916 4447 1193 4514 appointed
1236 4446 1289 4496 in
1336 4446 1423 4496 the
1470 4446 1618 4497 York
1778 4471 1800 4504 ο
1827 4469 2248 4538 Hehwldapmm]
2273 4472 2700 4539 Hegsmdaeham

619 4528 863 4592 Breviary
926 4531 958 4555 ‘⁴
975 4528 1038 4577 In
1084 4526 1260 4576 Natali
1306 4525 1479 4578 Sancti
1524 4526 1563 4577 J
1565 4540 1619 4575 o·
1712 4549 1777 4599 T·
2702 4514 2718 4538 '

619 4610 652 4636 ‘⁴
687 4605 871 4657 hannis
914 4605 1283 4671 archiepiscopi
1329 4605 1621 4655 Eboracen-

618 4689 650 4713 ‘⁴
686 4683 804 4735 sis.”
868 4685 977 4734 The
1015 4683 1263 4748 Breviary
1298 4683 1502 4735 follows
1539 4682 1623 4734 for

616 4763 702 4814 the
722 4771 856 4814 most
878 4772 994 4828 part
1015 4763 1101 4814 the
1126 4762 1399 4815 Cottonian
1422 4762 1538 4814 MS.

688 4212 710 4246 ²
738 4212 876 4278 loca]
905 4228 1027 4263 rura
1049 4211 1259 4276 passim,
1280 4212 1372 4261 ins.
1395 4210 1457 4262 Τ.
1506 4210 1621 4261 The

1778 4628 1800 4666 ⁷
1833 4629 2253 4696 sanctimonialis]
2283 4631 2595 4695 monasticoe,
2619 4632 2681 4683 T.

1777 4706 1802 4739 ⁸
1835 4706 1980 4775 Ipse]
2010 4708 2246 4774 Ipseque,
2268 4711 2327 4760 Τ.

1778 4788 1800 4819 ⁹
1842 4787 2120 4854 Christum]
2151 4788 2456 4852 Christiano,
2480 4792 2539 4841 Τ.
