3600 5800
356 1910 681 1974 Fridegode‚

362 1979 495 2028 69⁷.

374 3256 520 3311 Ibid.
542 3260 656 3310 703.

377 3555 514 3607 Ibid.
546 3558 680 3608 705-
724 3552 758 3579 “

377 3629 429 3674 6.

375 4064 512 4118 Ibin.
540 4066 652 4117 ⁷07.

1430 911 1749 962 AUCTORE
1794 912 2142 963 1118118110.
2693 902 2817 968 191

720 1098 1076 1184 quitiaeque
1119 1099 1469 1176 mittentis,
1515 1104 1594 1165 ut
1637 1099 1917 1186 dignum
1974 1100 2120 1178 fuit,
2182 1101 2600 1185 exprobrans,
2646 1103 2823 1190 lega-

718 1204 821 1267 tos
865 1201 1113 1286 absque
1156 1200 1402 1268 honore
1447 1200 1747 1267 dimissos
1792 1201 2022 1267 statim
2066 1224 2355 1271 remeare
2401 1204 2730 1291 praecepit.

1396 1450 1842 1536 [CAHTULUM
1887 1449 2131 1537 XXX.]

808 1606 1089 1674 Securus
1132 1607 1341 1695 igitur
1382 1608 1773 1675 insidiarum
1833 1608 2092 1696 praesul,
2138 1608 2213 1673 in
2271 1610 2418 1696 ipsa
2478 1610 2822 1696 provincia
2844 1621 3070 1684 Wilfrid,

716 1714 927 1776 totam
987 1731 1137 1776 cum
1194 1731 1373 1776 nova
1431 1708 1558 1776 Dei
1617 1711 1808 1797 plebe
1860 1710 2145 1777 hiemem
2196 1710 2474 1777 feliciter
2532 1711 2817 1797 exigens,
2844 1689 3141 1814 ξέἓξζ“)’

717 1811 953 1878 deinde
996 1812 1311 1900 pergendi
1357 1811 1635 1879 Romam
1695 1813 1825 1878 iter
1883 1812 2167 1899 repetiit,
2213 1817 2284 1878 et
2329 1812 2613 1878 Galliam
2673 1834 2819 1899 per·
2842 1820 2921 1870 vis
2923 1821 2988 1870 its
3013 1821 3140 1885 king

715 1914 987 1979 veniens
1054 1927 1194 1978 nota
1260 1913 1391 1978 sibi
1456 1922 1613 1992 regis
1674 1921 1998 1993 Dagoberti
2056 1922 2276 1978 moenia
2322 1921 2495 1977 subit.
2607 1913 2819 1995 Quem
2842 1888 3124 1951 Dagobert

717 2015 855 2102 ipse
917 2038 1036 2082 rex
1100 2015 1320 2080 visum
1382 2035 1540 2080 mox
1599 2013 1994 2102 recognovit,
2058 2036 2338 2100 eumque
2398 2015 2610 2081 multa
2669 2037 2819 2082 cum

719 2115 957 2183 laetitia
1016 2117 1305 2204 hospitio
1369 2115 1692 2202 suscepit3
1766 2121 1837 2180 et
1900 2116 2153 2183 vocatis
2220 2117 2600 2183 hominibus
2664 2117 2816 2196 suis,

716 2218 841 2286 1188
901 2239 1008 2286 808
1075 2240 1234 2286 voce
1301 2217 1676 2304 alloquitur.
1772 2216 2060 2282 “Virum
2126 2218 2319 2298 118118,
2378 2241 2572 2305 quem
2640 2224 2820 2287 ecce!
2850 2227 2985 2280 Who

739 2329 1016 2388 ‘coram
1044 2320 1319 2400 habetis,
1351 2342 1743 2437 magnopere
1784 2320 2124 2388 dilectioni
2152 2326 2391 2387 vestrae
2421 2296 3136 2412 commend0‚1‘{,‘·’,j¹'f¹,²¹}{¹<}³¹¹1}ss3

723 2430 1034 2511 ”103888
1093 2428 1174 2489 ut
1247 2422 1348 2487 illi
1422 2423 1496 2487 in
1570 2443 1961 2509 quocunque
2036 2424 2301 2511 negotio
2375 2424 2581 2489 vestri
2656 2445 2819 2511 opus
2846 2429 3043 2493 people.

723 2524 1120 2604 “habuerit,
1165 2524 1504 2602 assistatis,
1568 2524 1894 2611 siquidem
1954 2547 2075 2603 me,
2123 2525 2296 2592 sicut
2354 2526 2613 2592 credere
2635 2523 2662 2563 ²
2719 2525 2819 2593 fas

723 2633 914 2706 “est,
961 2628 1214 2694 sincera
1256 2631 1477 2693 mente
1522 2627 1779 2693 amatis.
1903 2626 2127 2713 Hujus
2181 2627 2426 2694 etenim
2485 2627 2816 2713 probitate

743 2735 869 2795 ‘et
911 2729 1242 2797 industria
1298 2729 1488 2795 vobis
1548 2728 1866 2807 redditus,
1926 2729 2260 2816 vobisque,
2323 2735 2404 2795 ut
2453 2730 2811 2817 inpraesen-

725 2833 1045 2898 ‘ti‘arum
1089 2831 1348 2910 videtis,
1396 2831 1579 2920 18318
1622 2853 1771 2896 88111
1818 2831 2143 2920 dignitate
2203 2832 2532 2919 praelatus.
2643 2832 2823 2899 Nam

725 2936 1069 3015 “,dudum
1116 2935 1303 3001 velut
1346 2934 1475 3021 ipsi
1520 2935 1971 3013 recordamini,
2020 2957 2171 3001 8818
2230 2935 2658 3023 popularibus
2717 2936 2822 3001 in-

722 3038 982 3103 “sidiis
1026 3037 1162 3103 fere
1206 3036 1503 3124 perditus
1555 3058 1777 3115 essem,
1779 3035 1807 3075 2
1869 3036 2025 3102 exul
2086 3058 2344 3123 quaque
2418 3037 2826 3105 liberationis

723 3146 755 3173 “
798 3163 961 3207 meae
1024 3140 1241 3227 gratia
1299 3139 1712 3217 oberrassem,
1759 3138 2120 3225 pelagoque
2178 3139 2472 3223 jactatus
2520 3148 2597 3204 ad
2654 3150 2825 3221 igna-

723 3248 753 3276 “
798 3268 902 3308 vos
963 3250 1258 3306 Hibernos
1333 3239 1624 3327 perlatus
1689 3239 1975 3317 fuissem,
2046 3239 2204 3305 hinc
2222 3236 2249 3277 ⁸
2311 3261 2416 3306 me
2482 3241 2639 3307 inde
2705 3241 2821 3307 ad-

721 3351 754 3378 “
800 3344 1072 3410 ductum
1136 3364 1378 3430 magna
1442 3341 1904 3408 benevolentia
1967 3362 2186 3407 secum
2249 3340 2661 3426 aliquamdiu
2722 3348 2821 3407 te-

722 3452 755 3479 “
799 3445 967 3521 nuit,
1022 3445 1108 3509 ab
1167 3445 1348 3510 omni
1408 3443 1699 3530 periculo
1760 3443 2069 3529 protexit,
2131 3447 2333 3528 atque
2394 3443 2625 3508 nativo
2685 3442 2822 3509 solo

801 3545 1195 3611 incolumem
1261 3566 1339 3612 ac
1399 3550 1626 3611 tutum
1693 3544 1958 3610 restitui
2024 3564 2212 3630 posse
2259 3543 2549 3610 donavit.
2646 3543 2822 3625 Qua-

724 3653 759 3681 “
802 3651 1070 3732 propter
1112 3672 1218 3726 per
1250 3668 1454 3714 meam
1530 3651 1599 3713 et
1664 3651 1956 3714 vestram
2015 3667 2135 3711 vos
2194 3645 2486 3712 obtestor
2544 3654 2816 3721 salutem,

725 3755 758 3782 “
803 3753 896 3826 ut,
943 3755 994 3810 si
1016 3773 1158 3828 ‚qua
1214 3748 1288 3814 in
1345 3750 1536 3815 nobis
1596 3753 1696 3816 est
1740 3757 1905 3823 fides,
1939 3761 2175 3814 tantum
2209 3773 2507 3813 servemus
2544 3756 2819 3822 amicum,

724 3858 758 3885 “
801 3856 871 3941 et
915 3850 1128 3916 vicem
1171 3850 1489 3917 exhibitae
1550 3851 1717 3916 mihi
1777 3849 2149 3917 dilectionis
2207 3868 2286 3914 88
2344 3848 2823 3915 benevolentiae

723 3960 757 3986 “
801 3953 1234 4020 communiter
1274 3953 1546 4040 31811οώ
1593 3973 2011 4040 procuremus
2057 3951 2119 4016 ei
2163 3949 2570 4036 rependere.’'

808 4053 918 4119 Ad
983 4053 1127 4119 haec
1187 4053 1367 4119 dicta
1433 4054 1676 4140 quique
1737 4052 2068 4131 laetantur,
2138 4072 2454 4137 suamque
2517 4048 2822 4116 laetitiam

720 4153 1097 4220 vehementi
1185 4154 1651 4222 acclamatione
1742 4159 2089 4221 testantur.
2142 4222 2152 4231 ,
2211 4160 2419 4231 Neque
2478 4159 2637 4215 enim
2696 4159 2824 4216 leve

712 4256 1140 4341 judicabatur
1183 4257 1360 4324 inter
1401 4257 1548 4324 illos
1594 4278 1973 4344 quenquam
2018 4255 2463 4342 subjectorum
2507 4253 2616 4319 vel
2674 4273 2820 4318 mu-

720 4357 848 4422 tire
915 4362 1144 4425 contra
1203 4364 1603 4445 praeceptum
1663 4365 1783 4424 aut
1842 4359 2262 4425 voluntatem
2322 4354 2640 4442 principis
2701 4355 2819 4421 881.
2848 4382 2962 4434 The

722 4459 901 4526 Hinc
944 4460 1127 4526 sedes
1173 4464 1243 4525 et
1284 4461 1549 4546 praedia,
1596 4459 1956 4546 dignitates
2002 4465 2072 4525 et
2116 4459 2305 4524 varia
2347 4457 2523 4523 dona
2579 4456 2824 4524 Sancto
2848 4449 2934 4502 W

720 4585 763 4630 a
806 4585 957 4651 rege
1003 4563 1383 4638 offeruntur,
1432 4566 1633 4645 atque
1694 4567 1773 4626 ut
1833 4561 1939 4626 881
1997 4561 2186 4646 18381
2244 4560 2557 4646 dignetur
2615 4564 2823 4627 terras
2846 4388 3148 4648 ffiffiym

788 4813 805 4845 ¹
840 4815 1063 4881 credere]
1104 4815 1378 4872 crederem,
1399 4810 1463 4859 B.
1770 4819 1784 4954 Ι
1887 4808 1910 4840 ⁸
1942 4808 2080 4876 hinc]
2110 4809 2211 4872 hic,
2234 4810 2304 4861 A.
2327 4812 2391 4861 B.

787 4892 810 4924 ²
843 4894 1021 4961 asem]
1050 4900 1120 4956 et,
1143 4894 1238 4943 ins.
1262 4891 1333 4942 A.
1356 4891 1419 4940 B.
