3600 5800
1315 923 1636 974 Auc‘roRE
1678 921 2037 972 mommo.
2598 903 2730 968 453

1499 1097 1712 1182 [PARs
1757 1096 1866 1181 V.]

720 1204 1272 1270 Subthronisatus
1339 1203 1545 1289 regali
1591 1202 1877 1270 culmine
1945 1204 2363 1269 omnitenens
2407 1198 2728 1266 Conditor
2751 1207 2803 1257 A
2827 1208 2953 1274 long

624 1305 940 1392 stelligeri
986 1305 1128 1371 caeli
1192 1325 1451 1371 necnon
1513 1303 1787 1383 telluris,
1836 1304 2003 1370 miro
2061 1304 2220 1369 flore
2266 1309 2336 1369 et
2396 1323 2726 1389 purpureo
2750 1273 2968 1338 prefaoe.

620 1406 832 1470 colore
898 1406 1253 1473 exornavit
1319 1405 1611 1472 virentia
1669 1410 1881 1490 prata,
1928 1405 2288 1471 refiraenans
2334 1403 2525 1469 Idem
2570 1403 2723 1488 Ipse

619 1506 971 1592 enorm(i)a
988 1519 1022 1553 ὓ
1063 1505 1306 1573 caerula
1355 1505 1701 1591 fluctivagi
1747 1505 1955 1592 ponti,
2001 1527 2085 1571 ne
2130 1506 2387 1591 possint
2430 1525 2723 1590 mergere

519 1613 528 1620 '
617 1607 904 1673 confinia
947 1612 1157 1686 terrae,
1203 1607 1378 1674 sicut
1421 1607 1721 1693 egregius
1768 1606 2124 1672 Psalmista
2182 1606 2295 1683 ait,
2342 1605 2723 1671 terminum
2746 1617 2994 1670 PsaLciii.
3011 1626 3060 1671 9.

609 1707 910 1794 poswtsti
954 1730 1153 1795 quem
1195 1729 1342 1775 ‘non
1372 1706 1978 1794 tramsqredientur.
2072 1705 2148 1772 Si
2192 1706 2371 1772 enim
2402 1707 2498 1772 sic
2541 1727 2721 1772 mare

618 1831 769 1875 suos
815 1811 1132 1876 terminos
1161 1832 1300 1876 non
1341 1808 1811 1896 trangreditur,
1842 1807 2133 1874 mirabili
2168 1807 2722 1893 contemplatione

616 1913 942 1991 ammiror,
990 1935 1107 1980 cur
1149 1911 1563 1978 rationabilis
1605 1911 1822 1988 homo,
1868 1911 1955 1976 ad
2000 1910 2355 1996 imaginem
2400 1909 2529 1974 Dei
2573 1930 2725 1977 con-

618 2001 819 2092 ditus,
866 2019 934 2079 et
984 2014 1071 2079 ab
1118 2014 1214 2079 Eo
1260 2012 1688 2079 ineffabiliter
1747 2013 2148 2098 redemptae,
2194 2033 2345 2077 suos
2405 2011 2722 2077 terminos

617 2119 686 2179 et
730 2115 891 2180 vitae
937 2115 1234 2181 ordinem
1282 2115 1651 2201 relinquere
1697 2114 1921 2193 valet3
1980 2114 2096 2179 sed
2142 2113 2304 2177 dum
2345 2112 2490 2179 haec
2547 2113 2725 2179 inter

616 2216 977 2300 spiramina
1019 2217 1152 2282 mei
1198 2217 1411 2283 cordis
1456 2216 1744 2295 revolvo,
1791 2215 1969 2282 redit
2012 2216 2101 2280 ad
2146 2215 2528 2281 memoriam
2588 2221 2724 2280 tor-

617 2317 837 2402 pentis
879 2317 1012 2382 mei
1057 2318 1310 2404 ingenii
1354 2316 1522 2382 illud
1568 2318 1744 2404 quod
1790 2317 2114 2403 scriptum
2158 2320 2276 2394 est,
2326 2324 2362 2351 “
2383 2316 2442 2380 si
2490 2315 2727 2381 Adam

617 2425 656 2452 “
690 2418 1132 2505 protoplastes
1177 2440 1322 2486 own
1381 2426 1720 2506 peccasset,
1765 2441 1911 2486 non
1949 2418 2188 2506 plures
2232 2424 2597 2507 peccassem
2638 2418 2725 2484 in

618 2527 653 2555 ‘¹
697 2521 848 2601 solo,
918 2542 1131 2608 quam
1206 2522 1333 2608 qui
1392 2521 1489 2588 ad
1561 2522 1801 2588 caelwm
1866 2520 2206 2588 sublevari
2279 2519 2724 2587 deberemwffl

617 2622 819 2690 Nunc
884 2629 1124 2702 autem,
1173 2623 1333 2709 quia
1394 2623 1774 2710 ignoramus
1839 2624 1954 2710 qui
2019 2624 2159 2688 sint
2222 2622 2431 2703 electi,
2479 2623 2724 2709 quique

615 2724 892 2811 reprobi,
938 2747 1128 2811 prece
1174 2726 1420 2813 singuli
1482 2747 1824 2813 precemur
1889 2746 2116 2792 omnes
2176 2724 2727 2796 Patremfamilias

618 2826 750 2908 Qui
814 2831 917 2892 est
961 2825 1234 2892 Creator
1290 2832 1529 2905 noster,
1576 2832 1658 2892 ut
1717 2847 1838 2892 nos
1884 2830 2181 2893 secernat
2225 2848 2268 2893 a
2309 2825 2524 2913 gloria
2570 2824 2726 2892 Suae

615 2929 1069 3008 beatitudinis,
1103 2950 1266 3016 quos
1297 2930 1618 2996 redimere
1648 2935 1751 2996 est
1795 2930 2111 3016 dignatus
2164 2929 2449 3015 pretioso
2496 2950 2724 2995 cruore

616 3030 738 3096 Sui
783 3032 1142 3119 sanguinis.
1235 3032 1412 3113 Quia
1478 3054 1635 3098 vero
1700 3032 2002 3119 superius
2062 3031 2356 3097 breviter
2418 3030 2723 3116 praeliba-

613 3132 834 3197 vimus
898 3138 1226 3218 quantum
1294 3134 1520 3217 potuit
1566 3134 1742 3198 Suus
1801 3133 2125 3219 gloriosus
2185 3132 2466 3197 antistes
2511 3132 2721 3197 Bene-

615 3231 878 3310 dictus,1
913 3233 1057 3317 jam
1103 3232 1266 3319 quid
1311 3234 1514 3318 gessit
1560 3233 1854 3299 oratione
1898 3232 2301 3320 replicemus.

707 3332 1010 3413 Quodam
1058 3338 1351 3420 tempore
1400 3333 1560 3398 dum
1607 3338 1797 3419 pater
1859 3334 2009 3419 pius
2053 3332 2404 3399 monastici
2470 3333 2721 3399 ordinis
2750 3346 2861 3396 The
2883 3349 3065 3399 author

613 3434 921 3500 circuiret
965 3435 1188 3500 caulas
1234 3434 1463 3500 ovium
1509 3456 1799 3512 suarum,
1846 3440 1917 3500 et
1960 3434 2259 3500 sollicitis
2322 3434 2722 3520 praevideret
2748 3419 3023 3531 ῗῇᾜῇω

614 3534 961 3601 obtutibus
999 3557 1110 3614 ‚ne
1172 3535 1501 3602 foramina
1560 3542 1682 3604 aut
1747 3537 1985 3602 fissura
2049 3540 2270 3601 essent
2332 3536 2406 3601 in
2476 3536 2587 3615 οἰδ,
2637 3542 2719 3602 ut

614 3636 758 3724 lupi
801 3658 1067 3724 rapaces
1112 3638 1416 3704 valerent
1459 3638 1719 3705 aditum
1764 3639 2025 3716 habere,
2070 3638 2180 3703 vel
2224 3637 2551 3705 morsibus
2611 3661 2720 3704 eas

613 3738 952 3816 dilaniare,
998 3740 1188 3805 venit
1258 3740 1462 3826 (quod
1525 3739 1715 3806 brevi
1783 3739 1999 3827 elogio
2067 3739 2367 3805 valemus
2429 3740 2584 3826 fari)
2634 3741 2721 3806 ad

612 3839 831 3905 locum
879 3839 1343 3907 desideratum.
1439 3842 1741 3928 Cumque
1785 3842 1860 3907 in
1921 3840 2479 3927 contemplatione
2524 3842 2722 3927 spiri·

613 3940 769 4006 talis
831 3940 992 4007 vitae
1059 3942 1428 4021 desudaret,
1477 3948 1547 4008 et
1589 3942 1877 4021 Divinis,
1923 3947 2004 4008 ut
2065 3963 2206 4006 mos
2267 3942 2395 4007 sibi
2464 3964 2721 4028 semper

613 4047 774 4121 erat,
819 4044 1129 4129 operibus
1195 4045 1594 4131 persisteret,
1641 4045 1921 4110 advenit
1989 4043 2261 4130 quidam
2320 4043 2588 4130 gerulus
2633 4065 2720 4110 ex
2749 4062 2802 4111 A
2825 4075 3046 4113 messen-

613 4144 918 4231 pretiosae
987 4145 1444 4232 AEtheldrydae
1542 4146 1788 4233 reginae
1851 4146 2265 4226 monasterio,
2332 4147 2448 4232 qui
2513 4146 2574 4211 ei
2638 4147 2720 4211 de
2745 4143 3027 4260 ᾖξ’ῐξῑὲῗξῧ

614 4249 957 4333 cujusdam
1024 4251 1252 4316 fratris
1325 4252 1677 4338 repentina
1738 4257 1951 4317 morte
2024 4251 2388 4317 nuntiaret.
2510 4250 2720 4338 Cujus
2747 4267 2803 4310 to
2824 4258 2949 4322 him,

614 4351 961 4416 interitum
1006 4352 1300 4432 audienS,
1343 4353 1707 4419 misericors
1752 4354 1996 4439 praesul
2041 4353 2253 4419 tristis
2284 4353 2555 4419 effectus
2600 4357 2716 4418 est.

616 4453 876 4521 Cecidit
919 4455 1098 4520 enim
1151 4456 1233 4521 de
1278 4456 1644 4542 parietibus
1704 4457 2006 4536 ecclesiae,
2053 4456 2175 4542 qui,
2215 4478 2293 4522 ea
2353 4461 2562 4522 morte
2608 4456 2718 4521 de·
2747 4467 2849 4543 and
2872 4467 2988 4518 teus

612 4555 898 4635 functus,
930 4563 1000 4623 et
1043 4558 1130 4624 ad
1175 4579 1440 4644 poenam
1486 4558 1859 4644 perductus.
1953 4557 2276 4645 Praecepit
2317 4580 2476 4624 mox
2521 4559 2722 4624 adve-
2745 4532 3041 4650 ffltfifthe

612 4657 756 4724 nire
801 4659 1248 4737 Ramesiensis
1292 4659 1418 4726 loci
1465 4658 1719 4738 fratres,
1766 4680 1932 4745 quos
1975 4664 2281 4746 precatus
2326 4664 2430 4725 est
2480 4659 2721 4725 humili
2750 4680 2784 4715 a
2804 4681 2991 4737 person

616 4780 807 4846 prece
882 4765 962 4865 ug
1029 4762 1308 4830 sonicite
1367 4767 1472 4827 ter
1536 4761 1726 4827 denis
1793 4762 2027 4827 diebus
2099 4762 2333 4828 Missas
2399 4766 2470 4827 et
2535 4762 2721 4849 Vigi-
2750 4731 3064 4852 gffinhgdm

1321 4880 1343 4902 ⁸
1367 4872 1650 4926 enorm(i)a]
1671 4886 1852 4926 magna,
1868 4875 2031 4918 interl.

1220 4983 1236 5017 ¹
1274 4985 1608 5051 Benedictus]
1638 4984 2005 5047 benedictione,
2026 4986 2142 5037 MS.
