3600 5800
1302 905 1645 957 nootnsm
1692 904 2173 957 monacnum
2657 886 2790 957 397

676 1086 911 1156 Sidera
953 1088 1116 1155 dum
1159 1086 1402 1167 lucent,
1448 1088 1667 1155 trudit
1710 1088 1872 1155 dum
1916 1086 2152 1155 nubila
2192 1093 2454 1167 ventus,

676 1191 922 1262 Semper
954 1190 1140 1247 honos
1172 1204 1502 1261 nomenque
1536 1194 1728 1255 tuum,
1766 1189 2083 1262 laudesque
2117 1189 2479 1247 manebunt.¹
2648 1187 2787 1245 1595
2813 1181 2964 1250 Virg-

766 1273 900 1341 Hic
943 1294 1065 1362 ego
1110 1272 1273 1340 dum
1315 1271 1503 1339 volui
1547 1277 1726 1341 certo
1749 1277 1841 1339 te
1875 1272 2034 1352 fine,
2080 1272 2335 1354 Thalia,
2812 1251 2995 1368 {²305
3017 1264 3069 1299 '⁶

677 1373 1019 1455 Claudere,
1063 1396 1169 1443 res
1213 1374 1459 1443 nostris
1501 1375 1789 1443 occurrit
1831 1380 2023 1464 gesta
2066 1374 2317 1455 diebus,

676 1476 879 1545 Fessa
920 1476 1078 1546 licet
1119 1497 1363 1566 paucos
1408 1482 1810 1564 quapropter
1853 1477 2073 1545 adhuc
2116 1498 2278 1545 cane
2323 1498 2572 1557 versus,

675 1580 898 1667 Atque
943 1581 1074 1647 mei
1116 1581 1308 1668 pueri
1352 1599 1618 1648 causam
1663 1578 1968 1667 succinge
2012 1600 2386 1667 parumper,

680 1680 810 1748 Cui
854 1702 1114 1769 quoque
1158 1686 1552 1770 praesentem
1596 1685 1837 1747 testem
1881 1702 1989 1748 me
2032 1681 2315 1768 contigit
2359 1702 2512 1748 esse.
2612 1683 2789 1749 1600

769 1783 944 1872 Ergo
988 1784 1122 1850 fuit
1166 1784 1439 1872 quidam
1475 1781 1749 1870 juvenis
1793 1782 2092 1849 nutritus
2151 1783 2224 1848 in
2269 1783 2436 1848 urbe
2817 1792 2930 1845 The
2950 1792 3080 1845 visio

682 1884 1022 1966 Euborica‚
1067 1885 1352 1974 simplex
1396 1884 1635 1963 animO,
1683 1883 1798 1951 sed
1843 1883 2141 1950 fervidus
2183 1888 2356 1963 actu,
2816 1860 2879 1977 ἓξ
2890 1860 3128 1987 {3¹9ssss

685 1986 949 2074 Quique
995 2009 1161 2055 meae
1206 1986 1385 2054 rexit
1427 1986 1703 2074 puerilis
1746 1992 2049 2073 tempora
2091 1986 2254 2053 vitae
2763 2064 2778 2073 “
2818 1991 2895 2044 st.
2919 1993 3118 2058 Mary’s

685 2087 995 2168 Consilio,
1041 2090 1220 2156 solus
1264 2088 1551 2175 quadam
1597 2087 1714 2174 qui
1759 2092 1954 2155 nocte
1998 2087 2207 2154 su‘etis
2816 2059 3027 2121 chun-eh,

683 2188 949 2256 Insistit
991 2188 1294 2277 precibus
1340 2188 1591 2256 Christi
1649 2187 1988 2276 genitricis
2033 2189 2106 2254 in
2149 2187 2319 2256 aula,
2613 2191 2789 2256 1605

682 2289 871 2358 Tunc
914 2289 1035 2356 lux
1079 2291 1256 2358 alma
1300 2290 1569 2357 domum
1613 2291 1838 2356 subito
1882 2290 2254 2377 repleverat
2298 2289 2504 2367 illam,

684 2391 775 2458 Et
818 2413 969 2460 cum
1013 2391 1159 2461 luce
1202 2392 1403 2459 simul
1446 2392 1637 2469 venit
1683 2393 1789 2458 vir
1832 2393 2132 2459 vestibus
2175 2392 2369 2471 albis,

684 2492 1007 2581 Fulgidus
1048 2494 1382 2581 adspectu,
1427 2500 1609 2560 statu
1655 2494 1960 2560 sublimis
2004 2493 2326 2575 honest03

685 2593 776 2660 Et
820 2593 1081 2663 blandis
1117 2596 1437 2683 juvenem
1480 2595 1688 2663 nimio
1733 2602 1983 2663 terrore
2025 2596 2370 2663 cadentem

684 2693 925 2764 Elevat
966 2696 1289 2783 alloquiis,
1335 2696 1710 2784 librumque
1763 2696 2059 2764 ostendit
2101 2702 2422 2785 apertum.
2610 2700 2787 2766 1610

685 2795 974 2885 Perlegit
1016 2797 1196 2865 hunc
1227 2798 1517 2886 juvenis,
1565 2798 1745 2864 dixit
1788 2798 1899 2866 cui
1941 2798 2162 2867 codice
2207 2798 2431 2867 clauso

684 2898 1025 2968 Candidus
1067 2901 1218 2968 ille:
1282 2909 1317 2938 “
1346 2901 1573 2970 Sciens
1618 2902 1863 2969 iterum
1907 2902 2162 2990 majora
2204 2902 2522 2970 videbis.”

683 3001 812 3068 His
857 3002 1056 3071 dictis
1099 3003 1322 3071 subito
1365 3003 1623 3070 nitidus
1668 3004 1998 3091 disparuit
2042 3004 2296 3092 hospes.

682 3104 864 3173 Hinc
907 3124 1169 3192 quoque
1213 3109 1366 3192 post
1407 3104 1665 3190 aliquos
1708 3125 1847 3171 non
1888 3103 2087 3192 longo
2131 3110 2426 3192 tempore
2469 3127 2726 3173 menses

682 3204 1062 3273 Percutitur
1094 3205 1367 3293 juvenis
1412 3205 1703 3272 currenti
1746 3210 1933 3293 peste
1977 3227 2094 3293 per
2136 3211 2338 3286 artus,
2612 3210 2787 3275 1615

682 3307 1127 3394 AEgrotusque
1170 3307 1289 3372 diu
1333 3306 1539 3373 dubia
1581 3306 1706 3372 sub
1750 3312 1964 3373 morte
2000 3307 2283 3394 jacebat,
2816 3320 2932 3373 who
2951 3334 3031 3372 re-

684 3408 1009 3496 Angustis
1051 3406 1391 3474 retrahens
1434 3406 1799 3494 perituram
1845 3407 2118 3474 naribus
2163 3429 2435 3490 auram3
2816 3402 2995 3505 &ff

684 3509 898 3596 Inque
941 3509 1107 3576 meis
1149 3509 1468 3576 recubans
1511 3508 1836 3588 manibus,
1883 3514 2045 3576 tunc
2090 3510 2364 3597 spiritus
2409 3511 2553 3598 ejus
2816 3519 3095 3590 seemingly

686 3610 809 3677 Est
835 3615 1068 3698 raptus
1111 3608 1348 3688 subito,
1394 3629 1759 3696 corpusque
1801 3610 2123 3676 remansit
2166 3611 2379 3679 inane.
2581 3612 2790 3699 [1620
2818 3588 2966 3650 ‘¹⁰⁸³’

685 3710 845 3779 Post
872 3712 1163 3799 spatium
1207 3711 1465 3778 rediens
1510 3712 1753 3778 iterum
1796 3711 1915 3778 sed
1957 3713 2254 3780 membra
2296 3715 2624 3794 movebat,

686 3815 777 3882 Et
818 3814 987 3881 mihi
1029 3814 1357 3894 narrabat,
1404 3814 1675 3901 quidam
1720 3815 1901 3902 quod
1944 3814 2215 3882 duxerit
2258 3817 2448 3883 illum

684 3917 794 3983 Ad
822 3918 966 3985 loca
1006 3917 1238 4005 pulcra
1278 3916 1494 3996 nimis,
1540 3916 1786 3984 multos
1830 3916 1949 3984 ubi
1992 3917 2170 3984 vidit
2213 3925 2505 4001 ovantes,

684 4020 957 4109 Ignotos
1000 4024 1321 4106 notosque
1365 4018 1580 4097 simul,
1626 4018 1743 4085 sed
1787 4019 2079 4086 maxime
2123 4026 2369 4089 sanctae

685 4122 878 4188 Illius
921 4121 1209 4191 ecclesiae
1252 4121 1442 4188 laetos
1483 4121 1763 4209 agnovit
1804 4121 2123 4190 alumnos.

688 4224 822 4307 Qui
864 4244 1022 4291 mox
1064 4223 1434 4311 suscipiunt
1476 4223 1751 4311 placidis
1794 4224 2211 4313 amplexibus
2253 4224 2461 4307 illum,
2615 4230 2787 4297 1625

687 4326 779 4394 Et
822 4347 1043 4396 secum
1084 4326 1354 4414 penitus
1399 4347 1657 4414 semper
1698 4326 1984 4395 retinere
2027 4327 2357 4410 volebant,

752 4600 770 4637 ¹
804 4602 1044 4656 'l'haetvo
1063 4600 1337 4669 preceding
1355 4602 1486 4654 lines
1508 4616 1596 4655 are
1620 4600 1853 4656 imitated
1873 4602 2009 4656 from
2030 4604 2121 4657 the
2144 4619 2286 4660 same
2307 4608 2496 4662 author
2516 4628 2532 4664 ε

984 4710 1019 4738 “
1041 4706 1181 4759 Dum
1198 4710 1328 4775 juga
1347 4707 1540 4760 montis
1562 4722 1700 4774 aper,
1722 4708 1910 4761 fluvios
1931 4710 2055 4763 dum
2076 4709 2233 4777 piscis
2254 4713 2463 4777 amabit,

985 4789 1019 4820 “
1043 4787 1285 4855 Dumque
1306 4787 1490 4856 thymo
1509 4793 1782 4855 pascentur
1802 4803 1947 4856 apes,
1966 4790 2092 4844 dum
2112 4804 2230 4844 rore
2250 4792 2455 4847 cicadae.
