3600 5800
1298 884 1346 929 s,
1394 882 1739 931 JOHANNIS
1786 882 2105 931 EPISOOPI.
2613 866 2741 930 319

644 1071 870 1154 retur}
994 1069 1295 1153 Cumque
1339 1069 1715 1154 frequenter
1758 1074 1902 1134 tam
1961 1067 2251 1134 sinistris
2296 1066 2570 1133 flatibus
2616 1064 2741 1131 im-

644 1173 1044 1257 pedirentur,
1121 1171 1434 1237 invocans
1516 1170 1855 1237 multoties
1942 1171 2257 1258 suffiagia
2346 1170 2741 1237 Sanctorum

647 1276 1055 1341 diversarum
1117 1274 1478 1361 regionum,
1538 1278 1826 1359 votaque
1871 1279 2188 1340 voventes
2233 1278 2314 1365 ut
2356 1295 2741 1360 prosperum

645 1391 908 1443 cursum
951 1378 1237 1463 arripere
1288 1382 1569 1464 possent,
1616 1376 1850 1443 callide
1897 1382 2278 1464 reparantes
2330 1370 2741 1443 armamenta

642 1482 849 1560 navis,
913 1482 1182 1547 carbasa
1257 1480 1743 1566 suspendentes,
1808 1481 2157 1548 artificiose
2204 1480 2429 1546 omnia
2474 1501 2736 1566 compo—

643 1588 892 1663 nentes,
957 1590 1037 1649 ut
1080 1584 1253 1649 vada
1319 1583 1761 1647 transmarina
1823 1583 2036 1648 tutius
2104 1604 2392 1649 remeare
2456 1586 2739 1668 possent.

645 1685 778 1751 Sed
834 1685 968 1750 illis
1026 1685 1499 1772 navigantibus
1560 1690 1802 1749 ventus
1848 1685 2217 1750 contrarius
2278 1684 2558 1760 exstitit,
2620 1703 2740 1747 na—
2769 1691 2871 1769 anq
2892 1689 2938 1739 is
2960 1689 3015 1742 in

644 1808 923 1874 vemque
996 1787 1131 1853 fere
1206 1786 1683 1873 periclitantem
1755 1786 2072 1853 fluctibus
2143 1785 2402 1871 ingenti
2476 1783 2741 1870 scopulo
2768 1757 2911 1821 penl.

640 1912 828 1975 paene
862 1891 1101 1970 'illisit3
1162 1896 1233 1955 et
1276 1911 1426 1956 cum
1486 1888 1852 1973 periculum
1912 1887 2039 1955 sibi
2099 1887 2441 1953 imminere
2488 1908 2573 1951 ex
2616 1886 2740 1951 im-

643 1995 905 2078 proviso
965 1998 1318 2070 cernerent,
1365 1992 1594 2078 pavidi
1658 1997 1727 2056 et
1785 1995 2138 2077 gementes,
2199 1995 2548 2076 menteque
2594 2010 2746 2055 con-

644 2097 937 2175 sternati,
1007 2097 1170 2182 quid
1230 2100 1502 2182 agerent
1562 2116 1828 2180 prorsus
1891 2094 2155 2181 ignari3
2228 2094 2499 2159 tandem
2567 2113 2742 2157 unus

642 2219 915 2284 surgens
978 2199 1052 2261 in
1113 2198 1344 2275 medio,
1415 2198 1532 2282 qui
1575 2185 1896 2282 Anglicus
1958 2196 2178 2263 fuerat
2241 2196 2527 2275 natione,
2592 2216 2744 2261 con-

642 2305 896 2364 testans
940 2299 1252 2387 Angliam
1298 2321 1505 2364 unum
1566 2298 1887 2365 Sanctum
1931 2298 2337 2386 praecipuum
2391 2301 2744 2383 patronum

644 2402 1065 2488 ejusdemque
1140 2401 1357 2488 gentis
1431 2401 1797 2466 maximum
1868 2400 2157 2467 solamen
2224 2400 2574 2479 continere,
2633 2386 2744 2463 ¹vi-

643 2504 881 2571 delicet
940 2503 1390 2569 venerandum
1464 2503 1895 2569 confessorem
1960 2502 2005 2568 J
2008 2502 2334 2569 ohannem
2400 2500 2740 2567 Beverlaci
2765 2495 3019 2614 3¹1ssss-

642 2608 1121 2692 quiescentem3
1181 2628 1377 2692 quem
1437 2605 1495 2670 si
1554 2605 1685 2670 fide
1746 2605 1990 2671 devota
2032 2604 2418 2692 suppliciter
2476 2605 2742 2671 invoca·
2767 2645 2834 2681 on
2856 2632 3042 2681 board-

640 2715 791 2775 rent
868 2715 1227 2795 votumque
1300 2710 1360 2774 ei
1427 2708 1732 2787 facerent,
1807 2708 2134 2775 auxilium
2205 2708 2332 2774 sibi
2394 2708 2741 2794 provenire
2765 2697 2947 2815 ᾗῇ
2963 2698 3053 2749 ²¹²0

642 2814 1030 2897 quantocius
1074 2813 1411 2879 sentirent.
1504 2811 1829 2877 Similiter
1858 2818 1928 2878 et
1962 2813 2198 2890 caeteri,
2231 2812 2349 2898 qui
2380 2834 2466 2877 ex
2495 2811 2741 2897 Anglia
2766 2830 2955 2881 invoke

640 2915 734 2980 ibi
801 2917 1092 2994 aderant,
1154 2916 1455 2982 attestati
1516 2921 1675 2982 sunt
1747 2915 2069 2982 Sanctum
2112 2916 2256 3002 jam
2316 2915 2734 2982 nominatum
2768 2898 2842 2951 St.
2865 2897 3027 2963 John,

530 3079 535 3084 .
640 3020 869 3084 multis
913 3019 1179 3086 miseria
1207 3018 1527 3105 depressis
1557 3019 1935 3105 frequenter
1964 3018 2281 3084 beneficia
2323 3019 2750 3104 praestitisse?

640 3124 997 3207 statimque
1042 3122 1293 3207 primus
1361 3120 1757 3186 oblationem
1804 3121 2099 3206 protulit,
2139 3121 2392 3186 caeteris
2443 3121 2747 3185 similiter

640 3224 1064 3290 offerentibus
1139 3244 1217 3287 ac
1290 3223 1752 3288 invocantibus
1831 3223 2147 3289 Sanctum
2222 3222 2270 3286 J
2272 3222 2598 3288 ohannem
2675 3223 2746 3285 in

639 3327 980 3401 auxilium,
1026 3329 1121 3402 ut,
1168 3324 1311 3408 ipso
1343 3328 1624 3400 tutante,
1657 3323 2010 3388 imminens
2055 3321 2419 3408 periculum
2469 3323 2744 3388 evadere

641 3432 921 3511 possent.

731 3527 904 3591 Mira
969 3530 1116 3590 res!
1178 3530 1260 3589 ut
1321 3525 1547 3602 fertur,
1612 3525 1695 3589 de
1762 3523 2006 3601 nautis,
2054 3524 2340 3610 quodam
2403 3525 2478 3589 in
2545 3523 2745 3589 maris
2770 3529 3082 3648 ἔιῑὲοὼαξῑξέῃ

640 3627 928 3715 periculo
976 3627 1293 3692 Sanctum
1340 3624 1689 3691 Nicolaum
1752 3625 2231 3703 invocantibus,
2279 3626 2456 3712 quod
2517 3626 2745 3692 statim
2769 3662 2832 3713 of
2846 3663 2920 3716 St.
2944 3664 3038 3714 Ni-

638 3736 997 3818 tempestas
1040 3729 1322 3796 cessavit
1341 3753 1356 3808 3
1376 3728 1401 3767 ¹
1462 3728 1555 3796 sic
1618 3735 1688 3794 et
1730 3728 1803 3793 in
1870 3729 2180 3815 praesenti
2245 3729 2421 3795 facto
2486 3729 2742 3800 accidit.
2769 3729 2962 3808 ceolas,

642 3835 819 3901 Nam
864 3837 1105 3899 ventus
1151 3838 1220 3898 et
1269 3832 1516 3897 fretum
1559 3831 1872 3897 continuo
1917 3832 2361 3918 pacificantur,
2407 3854 2743 3919 prospero·
2765 3798 2895 3916 :22⁸
2916 3796 3003 3847 the

638 3959 787 4023 que-
795 3935 1017 4023 portui
1063 3940 1222 4000 sunt
1263 3934 1452 4000 illati.
1531 3933 1679 4015 Qua
1707 3934 1790 3999 de
1834 3955 2032 3999 causa
2059 3936 2344 4000 multum
2376 3936 2745 4015 exhilarati,

637 4061 895 4104 summa
962 4059 1110 4103 cum
1177 4036 1527 4102 devotione
1592 4036 1912 4102 Sanctum
1975 4037 2102 4101 Dei
2164 4037 2358 4102 laude
2422 4038 2746 4123 persecuti

638 4147 796 4206 sunt
840 4139 1267 4226 dignissima3
1327 4143 1755 4224 emeruntque
1800 4160 1887 4203 ex
1930 4137 2202 4205 collecta
2244 4140 2522 4225 pecunia
2566 4139 2744 4205 obla-
2769 4141 2915 4220 Ther
2930 4143 3084 4195 make

636 4244 902 4321 tionem,
957 4242 1235 4308 sericum
1296 4261 1592 4326 pannum
1657 4242 2035 4327 speciosum,
2101 4247 2170 4306 et
2235 4242 2744 4308 transmiserunt
2767 4209 3085 4329 §ffeffiffisst

636 4344 1001 4411 venerabili
1047 4342 1433 4420 Confessori‚
1481 4364 1599 4408 suo
1644 4342 1957 4408 videlicet
2000 4342 2351 4420 liberatori,
2397 4366 2515 4429 per
2575 4365 2741 4431 prae-
2766 4342 2954 4395 shrine.

635 4449 849 4515 fatum
913 4449 1136 4513 virum
1204 4446 1495 4532 ejusdem
1547 4445 1777 4511 Sancti
1823 4466 2188 4531 praeconem
2255 4446 2745 4533 gratissimum3

702 4695 720 4729 ¹
756 4693 883 4745 This
906 4691 1112 4742 mii-acle
1133 4689 1178 4741 is
1200 4690 1445 4740 recorded
1476 4689 1532 4738 in
1553 4688 1641 4739 the
1733 4688 1994 4752 Nicholas,
2040 4690 2162 4740 dem·
2214 4697 2269 4742 to
2325 4693 2583 4744 travellers
2638 4697 2741 4746 and

634 4774 838 4826 various
882 4773 1009 4824 lives
1054 4771 1155 4821 and
1198 4769 1409 4835 legenda
1452 4767 1512 4819 of
1563 4768 1641 4818 St.
1734 4783 1950 4819 seamen.
