3600 5800
530 1681 806 1734 Amanof

531 1750 819 1801 Cotham‘s
773 1766 819 1800 ιε

527 1816 685 1868 blind.

526 2206 723 2323 ἕξεως.
738 2205 843 2259 viii.

527 2512 616 2562 An
618 2514 652 2562 d
672 2510 753 2561 his

528 2578 684 2628 wife'
668 2594 713 2628 is

526 2645 659 2695 mad.
678 2662 685 2673 ³

524 4071 579 4122 A
588 4072 712 4149 ship

527 4137 649 4188 sal
672 4140 803 4190 from

528 4203 722 4268 Apulia

525 4273 745 4322 towards

528 4338 834 4402 Jerusalem,

871 855 1000 915 318
1624 867 1788 916 ALIA
1835 869 2197 918 mmmm

866 1057 1151 1142 novique
1197 1077 1342 1122 eam
1372 1061 1442 1121 et
1485 1062 1682 1122 antea
1724 1062 1795 1124 et
1839 1062 2081 1144 postea„
2113 1057 2539 1144 simplicitate
2583 1059 2963 1138 modestam,

867 1159 1254 1267 castimonia
1296 1159 1645 1246 insignem.

867 1414 1034 1500 [Vir
1077 1415 1367 1503 qm'dam
1394 1415 1475 1482 de
1507 1416 1766 1482 Cottam
1811 1413 2345 1601 trienn010oeom
2392 1438 2693 1505 umorque
2735 1438 2969 1485 amens

1724 1522 2068 1583 evm-emtum

957 1681 1207 1750 Villula
1249 1685 1552 1770 quaedam
1598 1690 1721 1762 est,
1763 1685 2017 1751 distans
2062 1705 2105 1749 a
2148 1684 2499 1751 Beverlaco
2542 1686 2727 1772 'quasi
2775 1686 2970 1771 quin-

871 1786 1081 1852 decim
1140 1787 1480 1865 milliariis,
1527 1787 1847 1854 vocabulo
1902 1783 2190 1864 Cotum,l
2232 1788 2305 1851 in
2367 1811 2499 1874 qua
2544 1790 2649 1853 vir
2694 1790 2966 1874 quidam

868 1889 1354 1975 aliquantulum
1430 1890 1629 1967 diveS,
1699 1889 1816 1955 sed
1889 1888 2343 2005 hospitalitate
2409 1912 2487 1958 ac
2559 1893 2734 1958 bona
2792 1893 2971 1959 fama

867 1995 1173 2055 strenuus
1216 1991 1598 2057 habebatur.
1691 1990 1781 2056 Et
1840 1990 2000 2075 quia
2058 1991 2273 2057 solent
2330 1992 2716 2079 plerumque
2768 1993 2972 2080 justis

867 2118 944 2163 ac
986 2097 1300 2163 modestis
1344 2096 1712 2161 infortunia
1755 2095 2096 2162 multoties
2160 2097 2556 2184 contingere,
2621 2098 2971 2165 Salomone

868 2174 1230 2265 attestante
1261 2198 1376 2284 qui
1421 2198 1602 2276 dicit,
1650 2196 1834 2264 Swnt
1871 2197 2070 2282 justi,
2104 2198 2351 2285 qwibus
2379 2200 2608 2268 multa
2636 2200 2969 2279 evomam,

868 2301 1071 2390 quasi
1097 2301 1480 2390 mierum
1509 2301 1700 2389 sacta
1734 2300 2094 2388 fecissent;
2139 2303 2447 2369 similiter
2492 2311 2561 2370 et
2603 2305 2763 2373 huic
2805 2306 2968 2383 vire,

866 2405 949 2470 de
994 2427 1125 2491 quo
1169 2404 1431 2491 praefati
1475 2426 1716 2482 sumus,
1732 2429 1745 2437 ·
1768 2404 2259 2471 incommodum
2305 2407 2669 2491 maximum
2714 2406 2968 2485 accidit,

867 2508 1178 2574 videlicet
1207 2507 1544 2574 oculorum
1589 2528 1859 2572 suorum
1904 2508 2299 2588 exeaecati03
2342 2531 2599 2576 necnon
2630 2510 2772 2596 ejus
2803 2532 2972 2576 uxor

867 2611 1031 2677 adeo
1075 2610 1408 2677 infatuata
1452 2616 1568 2690 est,
1617 2610 1795 2695 quod
1838 2631 1961 2676 nec
2005 2632 2164 2676 sane
2209 2632 2436 2698 sapere
2481 2634 2523 2678 a
2566 2614 2970 2699 quampluri-

866 2713 989 2778 bus
1026 2712 1452 2798 judicaretur.
1546 2711 1848 2798 Cumque
1879 2735 1998 2799 per
2026 2713 2389 2778 triennium
2427 2706 2567 2780 tam
2612 2715 2970 2781 miserabili

867 2815 1243 2881 calamitate
1303 2817 1498 2880 ambo
1562 2816 2165 2904 comprimerentur,
2227 2837 2345 2902 per
2388 2816 2709 2881 visionem
2768 2838 2971 2904 appa-

863 2920 1003 2984 ruit
1046 2919 1191 2984 viro
1236 2918 1654 2984 venerandus
1709 2918 2037 2985 confessor
2079 2918 2126 2983 J
2127 2917 2435 2996 ohannes
2482 2919 2719 2997 dicens,
2767 2924 2848 2984 ut
2882 2920 2970 2986 ad

865 3022 1293 3088 Beverlacum
1337 3022 1659 3099 venirent,
1706 3026 1776 3086 et
1820 3022 1895 3086 in
1939 3020 2208 3087 ecclesia
2253 3043 2374 3086 sua
2417 3021 2666 3108 vigiliis
2713 3026 2781 3087 et
2825 3044 2968 3088 ora-

524 3129 693 3247 0Βέξὲῑέ
684 3145 773 3180 are
860 3125 1156 3190 tionibus
1224 3125 1622 3190 insisterent.
1742 3123 1937 3204 Quod
2000 3144 2151 3189 cum
2220 3123 2460 3189 devote
2527 3123 2970 3210 adimplerent
3079 3141 3092 3148 “

863 3227 1074 3306 amb0‚
1120 3227 1304 3292 visus
1364 3226 1595 3291 statim
1654 3225 1959 3290 redditur
2001 3226 2165 3302 vii-0,
2230 3225 2467 3290 mulier
2526 3231 2747 3296 mente
2810 3248 2971 3292 sana

863 3329 1186 3396 remeavit
1228 3329 1315 3394 ad
1360 3328 1639 3414 propria,
1686 3332 1757 3392 et
1799 3349 1920 3413 per
1947 3327 2189 3394 somnia
2232 3327 2691 3394 benedicentes
2735 3327 2968 3406 Deum,

862 3437 934 3498 et
979 3432 1298 3499 Sanctum
1341 3430 1389 3494 J
1389 3430 1717 3496 ohannem
1761 3430 1948 3495 omni
1993 3435 2290 3517 tempore
2336 3429 2801 3511 collaudantes,
2852 3453 2971 3518 pro

862 3536 1195 3603 beneficiis
1241 3534 1368 3600 sibi
1414 3534 1683 3601 eollatis.

866 3790 971 3876 [N
966 3789 1111 3858 avis
1184 3789 1264 3856 H
1257 3786 1729 3874 ierosolfflnam
1796 3807 2098 3874 pemeus,
2176 3787 2391 3855 ventis
2456 3787 2775 3875 fatiyata,
2843 3781 2972 3876 per

1481 3890 1544 3984 S.
1577 3890 1637 3956 J
1629 3889 1966 3957 ohamnem
1994 3890 2347 3974 servatur]

961 4056 1263 4137 Quodam
1326 4061 1621 4140 tempore
1683 4054 1926 4121 accidit
2007 4053 2184 4139 quod
2247 4053 2551 4139 quaedam
2617 4055 2825 4132 navis„
2897 4056 2971 4119 in

870 4161 1118 4246 Apulia
1163 4160 1571 4224 diversarum
1637 4157 1986 4226 nationum
2039 4156 2417 4222 hominibus
2478 4162 2761 4236 onerata,
2809 4179 2972 4243 quos

871 4259 1377 4347 Hierosolymis²
1406 4261 1749 4346 deportare
1802 4260 2132 4337 debuerat,
2166 4259 2308 4343 jam
2356 4260 2575 4324 ventis
2619 4260 2971 4327 adversan-

820 4366 1050 4431 ’tibus
1107 4364 1393 4450 fatigari,
1456 4367 1759 4449 retroque
1822 4361 2033 4426 redire
2095 4362 2335 4446 saepius
2396 4361 2698 4449 compelli
2760 4364 2972 4450 [vide-

931 4613 1191 4666 ¹Cottam
1246 4627 1307 4662 or
1362 4611 1597 4671 cotham,
1641 4626 1673 4660 a
1723 4609 1872 4660 small
2030 4607 2053 4640 ²
2085 4608 2197 4659 The
2238 4609 2537 4675 geography
2575 4609 2637 4660 of
2675 4612 2761 4662 the
2802 4613 2972 4666 writer
3078 4654 3082 4657 ,

862 4690 1125 4758 villagein
1092 4691 1235 4742 nthe
1256 4689 1483 4756 parisho
1452 4689 1512 4739 of
1529 4688 1790 4754 Langtoft,
1803 4704 1873 4738 on
1965 4696 2102 4740 must
2122 4693 2214 4739 not
2232 4689 2298 4739 be
2319 4695 2412 4739 too
2434 4689 2624 4755 closely
2645 4693 2821 4744 tested.

863 4770 952 4820 the
972 4772 1082 4821 Yor
1081 4771 1117 4818 k
1120 4768 1255 4819 shire
1272 4768 1473 4820 Wolds.
