3600 5800
1209 899 1301 947 s‘r.
1347 898 1532 947 Jomt
1580 898 1668 947 010·
1713 895 2095 946 annnnnr.
2569 879 2697 943 513

592 1089 879 1155 receptae,
920 1091 980 1140 et
1015 1083 1170 1139 idem
1207 1084 1247 1139 J
1248 1085 1523 1149 ohannes,
1562 1082 1841 1137 defuncto
1894 1080 2067 1147 Bosa,
2118 1076 2247 1135 viro
2283 1078 2485 1134 multae
2537 1094 2699 1134 sanc·

592 1166 783 1222 titatis
833 1173 894 1223 et
941 1166 1313 1231 humilitatis,
1369 1166 1672 1238 episcopus
1723 1183 1828 1236 pro
1888 1182 1956 1219 eo
2016 1164 2265 1220 Eboraci
2324 1162 2695 1227 substitutae,

592 1250 820 1304 venerit
853 1250 978 1322 ipse
1012 1256 1270 1322 tempore
1296 1249 1545 1320 quodam
1582 1248 1657 1303 ad
1693 1246 2110 1381 monaster-infin
2134 1246 2436 1339 virginum
2474 1245 2535 1299 in
2571 1246 2698 1337 loco

593 1335 978 1462 ξωυξξῑξ
1004 1329 1462 1471 ωεξωξξω
1510 1318 2697 1477 ξξξὲωωξωξξξωξξξξξξ
2722 1417 2834 1469 ω
2854 1419 2992 1469 Μ-

596 1489 635 1516 “
673 1489 888 1560 gaudio
946 1489 1197 1560 suscepti
1255 1506 1533 1554 essemus,
1608 1488 1891 1545 indicavit
1948 1488 2113 1545 nobis
2178 1487 2471 1543 abbatissa
2542 1488 2698 1560 quod
2721 1483 2811 1562 ἕξις
2834 1485 2897 1535 of
2910 1486 2996 1536 the

597 1574 632 1600 “
669 1573 934 1643 quaedam
971 1574 1043 1629 de
1077 1590 1320 1629 numero
1353 1572 1673 1643 virginum,
1713 1590 1846 1643 quae
1883 1577 2009 1627 erat
2044 1572 2169 1627 filia
2204 1570 2389 1642 ipsius
2425 1571 2694 1636 carnaliS,
2720 1551 2977 1669 ἓθξγῃῗῗῧ

594 1657 632 1682 “
672 1655 1021 1726 gravissimo
1057 1657 1334 1728 languore
1391 1661 1711 1720 teneretur,
1762 1655 1903 1726 quia
1936 1656 2303 1709 flebotomata
2360 1660 2452 1709 est
2506 1671 2694 1726 nuper
2859 1633 2891 1668 ⁸
2935 1634 3018 1669 ⁰¹¹·

592 1733 633 1760 ‘⁸
672 1734 736 1789 in
793 1736 1049 1792 brachie.
1145 1737 1224 1791 Et
1282 1753 1414 1792 cum
1473 1727 1691 1791 adhuc
1749 1739 1900 1791 esset
1958 1735 2020 1788 in
2081 1732 2276 1788 studio
2334 1724 2692 1803 literarum,

595 1815 633 1840 “
667 1818 828 1869 tacta
860 1822 952 1871 est
986 1814 1328 1870 infirmitate
1349 1816 1641 1887 repentini
1695 1813 1930 1878 doloris,
1987 1829 2101 1884 quo
2136 1829 2271 1867 mox
2319 1812 2693 1881 increscente,

591 1898 631 1925 “
672 1899 863 1970 magis
897 1904 1204 1970 gravatum
1254 1905 1342 1954 est
1374 1899 1679 1954 brachium
1725 1896 1875 1952 illud
1908 1897 2297 1963 vulneratum,
2353 1914 2420 1951 ac
2459 1914 2693 1954 versum

592 1982 629 2007 “
670 1980 733 2035 in
769 1988 1077 2048 tumorem,
1117 1982 1262 2037 adeo
1298 1986 1366 2036 ut
1388 1981 1485 2036 vix
1508 1981 1734 2038 duabus
1755 1981 2025 2036 manibus
2050 1979 2453 2051 circumplecti
2476 1986 2690 2052 posset.

590 2074 631 2099 ‘⁸
671 2073 810 2145 Ipsa
843 2066 1052 2151 igitur
1078 2074 1281 2145 jacens
1317 2073 1379 2128 in
1415 2076 1564 2129 lecto
1599 2092 1723 2147 prae
1757 2074 2057 2129 nimietate
2092 2072 2308 2128 doloris
2354 2072 2482 2144 jam
2518 2074 2693 2128 mori-

590 2167 631 2193 “
668 2171 802 2222 tura
836 2167 1147 2223 videretur.
1223 2166 1480 2237 Rogavit
1513 2184 1652 2238 ergo
1676 2165 2014 2238 episcopum
2038 2164 2332 2221 abbatissa
2367 2169 2436 2219 ut
2470 2165 2691 2221 intrare

591 2259 629 2285 ‘⁸
672 2257 747 2313 ad
782 2276 926 2326 eam,
967 2276 1035 2314 ac
1069 2259 1414 2314 benedicere
1454 2257 1619 2313 illam
1667 2257 2028 2330 dignaretur,
2069 2257 2208 2329 quia
2241 2248 2527 2313 credebat
2561 2274 2690 2313 eam

588 2359 629 2387 “
668 2359 743 2414 ad
767 2359 1229 2416 benedictionem
1263 2359 1357 2414 vel
1393 2363 1616 2415 tactum
1651 2359 1811 2414 illius
1845 2377 1976 2416 mox
2013 2349 2289 2435 adipisci
2320 2351 2690 2417 sanitatem.

1395 2686 1682 2771 [an'rlo
1746 2686 1891 2773 IV.]

687 2865 724 2890 “
766 2863 1143 2934 Interrogans
1202 2868 1397 2919 autem
1459 2862 1759 2936 episcopus
1821 2865 2051 2936 quando
2119 2865 2488 2923 flebotomata
2549 2873 2700 2925 esset
2722 2873 2883 2935 Beda,
2897 2890 2945 2927 v.
2970 2880 3020 2930 8.

594 2959 636 2984 “
674 2957 888 3030 puella,
929 2954 1031 3011 sed
1067 2961 1134 3010 ut
1169 2956 1443 3026 cognovit
1477 2947 1655 3032 quod
1690 2954 1753 3009 in
1778 2957 1920 3011 luna
1943 2964 2168 3028 quarta,
2196 2957 2362 3025 dixit,
2406 2963 2420 2985 ‘
2438 2960 2695 3016 Multum

596 3052 632 3075 “
676 3049 1064 3122 ‘insipienter
1099 3055 1160 3103 et
1203 3047 1436 3103 indocte
1463 3048 1686 3103 fecistis
1724 3047 1786 3100 in
1823 3047 1965 3102 luna
2003 3056 2209 3118 quarta
2258 3051 2697 3118 flebotomandO,

592 3134 630 3158 “
675 3135 690 3159 ‘
717 3132 959 3185 memini
995 3131 1151 3185 enim
1188 3131 1372 3186 beatae
1409 3130 1705 3185 memoriae
1733 3128 2157 3197 T[h]eodorum
2192 3133 2694 3206 archiepiscopum

589 3215 632 3240 “
673 3215 688 3240 ‘
715 3212 926 3279 dicere,
979 3213 1118 3282 quia
1163 3213 1485 3283 periculosa
1531 3213 1610 3267 sit
1632 3212 1774 3266 satis
1822 3212 1983 3266 illius
2031 3215 2306 3285 temporis
2342 3216 2691 3283 flebotomia,

591 3300 631 3326 “
675 3300 690 3325 ‘
718 3297 948 3368 quando
972 3307 1035 3352 et
1058 3298 1258 3352 lumen
1283 3299 1454 3362 lunae,
1483 3302 1543 3352 et
1566 3313 1766 3352 reuma
1788 3299 1991 3352 oceani
2016 3298 2080 3352 in
2104 3306 2400 3356 cremento
2435 3308 2541 3357 est.
2615 3304 2693 3359 Et
2719 3308 2829 3360 The
2850 3309 2999 3361 mira-

590 3382 631 3408 “
673 3384 688 3407 ‘
716 3381 856 3452 quid
891 3397 1002 3451 ego
1050 3398 1287 3452 possum
1328 3381 1561 3452 puellae,
1613 3380 1664 3435 si
1699 3379 1983 3436 moritura
2006 3386 2112 3447 est,
2151 3383 2339 3439 facere
2354 3384 2400 3439 P’
2470 3386 2555 3442 At
2591 3388 2695 3444 illa
2719 3376 2796 3454 ‘3¹0
2819 3391 2938 3427 00¹¹·

590 3466 630 3492 “
669 3465 983 3519 instantius
1019 3464 1327 3519 obsecrans
1362 3479 1471 3534 pro
1508 3462 1632 3517 filia
1666 3479 1841 3533 quam
1892 3464 2102 3536 oppido
2139 3464 2436 3537 diligebat,
2472 3488 2609 3525 nam
2634 3478 2695 3528 et
2719 3445 2911 3494 unned·

590 3549 630 3576 “
668 3547 1021 3603 abbatissam
1070 3564 1199 3603 eam
1247 3565 1353 3619 pro
1401 3562 1463 3600 se
1514 3547 1702 3601 facere
1750 3544 2132 3619 disposuerat,
2169 3550 2402 3607 tandem
2437 3553 2697 3611 obtinuit

589 3632 627 3659 “
669 3637 736 3686 ut
771 3631 847 3687 ad
869 3631 1242 3702 languentem
1265 3629 1528 3685 intraret.
1605 3627 1862 3684 Intravit
1883 3647 2022 3701 ergo
2044 3649 2142 3687 me
2169 3650 2364 3690 secum
2391 3646 2693 3712 assumpto

591 3716 629 3742 “
669 3732 738 3770 ac
771 3713 1060 3784 virginem
1096 3728 1226 3783 quoe
1255 3711 1486 3783 jacebat
1507 3712 1713 3775 multo,
1754 3714 1821 3765 ut
1856 3710 1996 3779 dixi,
2040 3712 2234 3770 dolore
2259 3719 2591 3786 constricta,
2631 3726 2693 3777 et

588 3800 626 3826 ‘⁸
667 3798 902 3853 brachio
936 3796 1000 3851 in
1034 3800 1262 3851 tantum
1311 3798 1730 3866 groscescente,
1781 3800 1850 3850 ut
1894 3797 2046 3852 nihil
2095 3816 2328 3871 prorsus
2377 3802 2440 3857 in
2495 3805 2691 3862 cubito

588 3883 626 3910 “
665 3879 927 3936 flexionis
961 3880 1232 3934 haberet:
1292 3886 1352 3933 et
1397 3882 1595 3934 astans
1629 3877 1777 3932 dixit
1824 3880 2143 3936 orationem
2193 3901 2366 3956 super
2399 3887 2582 3953 illam,
2621 3905 2691 3944 ac

591 3966 628 3991 “
667 3964 1013 4020 benedicens
1048 3980 1314 4033 egressus
1339 3969 1444 4018 est.
1518 3961 1784 4033 Cumque
1818 3968 1953 4034 post
1986 3964 2115 4021 haec
2148 3966 2291 4023 hora
2327 3977 2690 4043 competente

586 4051 626 4076 “
665 4046 1101 4103 consederemus
1159 4046 1235 4102 ad
1269 4063 1551 4109 mensam,
1609 4044 1926 4100 adveniens
1977 4048 2214 4118 quidam
2265 4052 2542 4109 clamavit
2594 4073 2690 4111 me

588 4127 624 4152 “
665 4126 835 4190 foras,
881 4131 942 4181 et
994 4126 1095 4190 ait,
1140 4127 1154 4152 ⁶
1172 4124 1437 4181 Postulat
1488 4116 1927 4196 Quenburch,’
1964 4127 2075 4183 hoc
2124 4130 2280 4185 enim
2315 4139 2441 4187 erat
2476 4150 2690 4190 nomen

588 4205 626 4231 “
665 4204 935 4275 virginis,
973 4209 1042 4259 ut
1077 4203 1236 4258 ocius
1270 4205 1618 4274 regrediaris
1653 4206 1728 4261 ad
1763 4205 1933 4261 eam.’
2024 4205 2188 4275 Quod
2224 4208 2364 4264 dum
2417 4212 2683 4279 facerem,

586 4283 624 4310 “
662 4283 897 4361 repperi
953 4283 1117 4337 illam
1168 4281 1501 4352 ingrediens
1557 4286 1726 4339 vultu
1777 4283 2135 4351 hilariorem,
2178 4293 2236 4342 et
2270 4289 2430 4345 velut
2481 4294 2688 4365 sospiti

585 4364 626 4390 “
664 4363 937 4419 similem.
1011 4362 1089 4417 Et
1112 4361 1251 4417 dum
1278 4362 1586 4418 assiderem
1615 4363 1723 4426 illi,
1748 4363 1916 4430 dixit,
1946 4367 1960 4391 ‘
1980 4364 2089 4422 Vis
2113 4371 2377 4437 petamus
2413 4369 2650 4428 bibere?
2670 4374 2686 4398 ’

586 4445 625 4472 “
662 4445 747 4501 At
794 4463 921 4517 ego,
1018 4444 1245 4509 ‘V010‚’
1294 4444 1552 4516 inquam,
1619 4448 1713 4500 ‘et
1759 4447 2018 4502 multum
2067 4447 2339 4514 delector,
2386 4452 2437 4507 si
2483 4458 2684 4527 potes!

585 4529 625 4556 “
667 4528 932 4602 Cumque
990 4526 1185 4583 oblato
1233 4527 1441 4598 poculo
1487 4528 1816 4584 biberemus
1853 4529 2043 4597 ambo,
2081 4532 2263 4603 coepit
2308 4534 2458 4590 mihi
2494 4537 2685 4597 dicere

585 4615 624 4641 “
664 4614 803 4685 quia
837 4617 854 4640 ‘
878 4630 948 4668 ex
1010 4629 1124 4683 quo
1181 4611 1485 4684 episcopus
1531 4612 1791 4668 oratione
1838 4632 1943 4686 pro
1991 4632 2106 4680 me,
2161 4634 2230 4672 ac
2279 4619 2683 4682 benedictione

586 4699 623 4725 ‘⁸
667 4700 681 4724 ‘
711 4697 997 4769 completa
1047 4713 1316 4767 egressus
1364 4702 1469 4761 est,
1509 4697 1709 4752 statim
1745 4698 1960 4755 melius
2020 4699 2230 4756 habere
2284 4702 2521 4778 incipi0‚
2574 4711 2685 4766 etsi

585 4782 623 4809 “
667 4783 681 4808 ‘
709 4780 956 4837 necdum
992 4779 1149 4836 vires
1190 4778 1462 4852 pristinas
1485 4780 1716 4852 recepi3
1756 4780 1923 4836 dolor
1969 4789 2165 4840 tamen
2215 4788 2403 4844 omnis
2447 4790 2519 4846 de
2558 4793 2686 4849 bra?

2284 4886 2416 4937 ΚΚ
