3600 5800
514 2144 719 2196 oswald

510 2218 755 2263 comesto

511 2278 600 2328 the
619 2293 822 2330 1110333-

854 877 987 943 462
1496 888 1661 939 vrrs
1705 888 1951 940 emm
1997 887 2322 950 oswnm,

851 1075 1019 1143 Haec
1061 1075 1145 1142 <10
1189 1074 1384 1143 dietis
1427 1073 1864 1162 philosophiae
1907 1076 2070 1143 satis
2129 1073 2270 1141 sint
2333 1074 2417 1140 <10
2484 1053 2685 1140 laude
2741 1072 2955 1159 ipsius

851 1178 1066 1245 dicta:
1110 1177 1274 1265 quid
1298 1178 1472 1245 alius
1502 1177 1914 1246 hexametris
1943 1178 2246 1245 versibus
2276 1182 2346 1244 et
2374 1175 2775 1246 catalecticis
2802 1179 2956 1264 post

849 1279 1108 1347 obitum
1151 1280 1295 1368 ejus
1339 1280 1720 1368 proclamat,
1768 1280 2136 1348 audiamus,
2228 1279 2353 1345 Ait
2397 1279 2593 1358 enim,

940 1448 975 1476 “
1018 1437 1332 1506 Illustm's
1377 1436 1619 1506 mrito
1662 1437 2008 1507 viv-cutm
2051 1445 2273 1506 sancte
2303 1437 2621 1516 sacerdos,

938 1549 974 1577 “
1021 1540 1491 1628 Confessorque
1532 1538 1677 1619 Dei,
1716 1538 2188 1628 palmer-rim
2228 1560 2495 1629 qe‘mm
2537 1535 2833 1608 salutis!

938 1652 973 1679 “
1020 1644 1075 1712 Ο
1118 1643 1497 1722 Dumstane,
1543 1641 1687 1710 tuis
1719 1642 2038 1732 precibus
2071 1664 2204 1732 per
2245 1641 2493 1710 soemda
2535 1638 2743 1709 servis

938 1754 975 1782 “
1016 1745 1214 1813 Aesis
1256 1745 1344 1813 ‘in
1387 1744 1749 1814 auoeiliwn
1790 1765 2084 1834 requm
2119 1743 2450 1833 poscendo
2484 1742 2861 1846 polorsumzff’

846 1905 1014 1975 Haec
1071 1906 1250 1974 dicta
1314 1904 1646 1974 sufficiant
1710 1905 1838 1974 hoc
1903 1907 1978 1972 in
2039 1906 2183 1975 1000
2246 1905 2332 1972 (10
2392 1909 2586 1972 tanto
2649 1907 2949 1973 senatore

845 2008 1237 2097 Angligenae
1280 2009 1517 2097 gentis,
1561 2030 1744 2077 nunc
1786 2009 1875 2075 ad
1919 2009 2189 2096 propria
2231 2007 2593 2074 redeamus.

937 2127 1286 2196 Oswaldus
1329 2149 1488 2195 vero
1531 2128 1816 2215 impiger
1860 2128 2054 2196 miles
2101 2126 2358 2194 Christi
2403 2147 2528 2193 sua
2570 2125 2778 2194 ovilia
2803 2147 2950 2213 per-

844 2230 1135 2298 lustrans
1197 2231 1505 2318 pervenit
1546 2230 1845 2318 gaudens
1888 2230 1979 2297 ad
2029 2230 2281 2297 moenia
2324 2228 2713 2296 monasterii
2774 2227 2953 2315 quod

509 2349 678 2408 ωηο
646 2344 708 2395 or
846 2333 1099 2401 dictum
1157 2338 1262 2400 est
1303 2333 1571 2420 Ripum,
1616 2333 1794 2449 quod
1841 2338 2003 2399 tunc
2046 2333 2346 2398 dirutum
2408 2337 2568 2411 erat,
2615 2331 2949 2418 quondam

508 2409 701 2526 bufll'm
660 2478 724 2527 of
735 2477 823 2528 old
845 2457 1003 2502 vero
1046 2456 1090 2503 a
1131 2435 1661 2501 reverentissimo
1706 2435 1855 2500 viro
1884 2433 2196 2500 Wilfrido
2241 2433 2588 2501 celebriter
2616 2437 2951 2501 construc-

509 2542 582 2608 ΒΥ
598 2543 821 2608 wilfi-id,
845 2542 1008 2603 tum.
1101 2534 1400 2622 Cumque
1463 2535 1712 2601 ibidem
1773 2535 2112 2602 1331310101
2169 2534 2442 2614 actibus,
2488 2556 2606 2622 per
2665 2533 2949 2621 gratiam

506 2856 678 2910 whose

506 2926 669 2977 110303
691 2924 757 2976 110

506 2991 657 3055 finds,

848 2639 1071 2707 omnia
1118 2638 1448 2706 cernentis
1495 2637 1865 2704 salvatoris
1924 2637 2189 2705 invenit
2232 2637 2620 2705 thesaurum
2677 2633 2949 2705 abscon-

848 2741 1066 2807 ditum
1134 2740 1252 2806 diu
1326 2739 1731 2819 mortalibus,
1798 2761 1997 2827 quem
2071 2761 2239 2827 puro
2314 2739 2507 2808 corde
2569 2743 2639 2804 et
2710 2737 2949 2803 humili

846 2847 1071 2909 mente
1115 2863 1153 2909 e
1195 2841 1389 2909 terris
1431 2841 1700 2909 levavit.
1793 2841 2073 2910 Invenit
2115 2846 2345 2910 autem
2388 2841 2690 2930 praesulis
2750 2841 2949 2909 beata

846 2944 1143 3012 membra
1185 2944 1338 3031 pius
1382 2949 1587 3031 pater,
1618 2943 1727 3012 cui
1771 2964 1894 3031 pro
1937 2944 2195 3012 meritis
2226 2966 2635 3012 summorum
2678 2949 2951 3013 actuum

844 3046 1281 3135 gubernatrix
1359 3047 1522 3113 vitae
1598 3068 1737 3112 suae
1802 3046 2053 3115 Sancta
2148 3046 2333 3113 Deus
2416 3046 2712 3113 Trinitas
2786 3047 2949 3114 talia

843 3149 1163 3218 concessit
1203 3149 1504 3215 invenire
1547 3168 1841 3214 munera.
1935 3148 2150 3215 Erant
2220 3153 2291 3214 et
2351 3148 2452 3213 hii
2496 3148 2772 3235 pretiosi
2831 3148 2948 3214 ab·

842 3252 1031 3320 bates
1077 3252 1279 3340 juxta
1320 3273 1474 3318 eum
1540 3251 1760 3338 positi,
1808 3272 2090 3337 quorum
2154 3251 2429 3317 nomina
2494 3251 2604 3319 1110
2665 3252 2947 3318 13301010

509 3366 633 3417 with
655 3367 803 3420 those
841 3357 1233 3425 curavimus,
1324 3354 1675 3422 Tiatberht
1734 3354 2151 3421 venerandus
2197 3354 2450 3421 Christi
2495 3377 2740 3434 servus,
2787 3355 2948 3421 Bot—

506 3434 820 3561 bfiffissffissot,
842 3461 1018 3526 wine
1061 3455 1460 3527 reverendus
1519 3458 1834 3536 sacerdos,
1881 3456 2169 3523 Alberht
2213 3457 2567 3543 praeclarus
2626 3457 2946 3534 minister,

507 3565 608 3615 vin
608 3537 778 3630 esand
843 3562 1079 3650 Sigred
1123 3562 1273 3649 pius
1319 3565 1524 3647 pater,
1569 3565 1772 3646 atque
1817 3558 2068 3626 Uilden
2111 3558 2464 3625 modestus.
2556 3559 2790 3626 Tantis
2833 3560 2947 3625 de-

509 3631 697 3683 others.

841 3669 1104 3733 00131113
1163 3661 1525 3728 honoribus
1591 3667 1819 3748 pastor
1885 3661 2228 3777 benignus,
2297 3665 2369 3726 et
2434 3660 2684 3728 civium
2745 3666 2948 3747 atque

841 3766 1206 3853 primorum
1269 3763 1524 3831 ssliusce
1591 3763 1920 3830 adductus
1965 3762 2254 3850 regionis
2316 3763 2641 3849 praesidio,
2685 3762 2949 3829 honori-

841 3870 1041 3938 ficum
1083 3867 1361 3956 perfecit
1405 3865 1740 3945 scrinium,
1785 3866 1861 3931 in
1908 3887 2041 3952 quo
2084 3871 2227 3932 tam
2270 3866 2681 3933 celeberrimi
2724 3866 2949 3953 posuit

839 3969 1142 4059 praesulis
1183 3966 1493 4034 membra.
1585 3966 1692 4032 De
1734 3964 1880 4033 1000
1924 3966 1999 4031 13
2044 3986 2177 4053 quo
2209 3965 2353 4053 ejus
2397 3966 2798 4054 pontificalis
2840 3987 2947 4034 ca-

839 4073 1080 4140 thedra
1107 4072 1325 4160 posita
1368 4074 1486 4149 est,
1519 4068 1684 4156 quid
1712 4067 2009 4147 referam,
2042 4068 2333 4156 quidque
2363 4070 2579 4137 dicam
2606 4074 2631 4137 2
2705 4069 2947 4136 Nonne

839 4176 915 4241 in
959 4197 1036 4243 eo
1079 4195 1212 4262 quo
1256 4171 1591 4260 quondam
1634 4170 2090 4238 mansitabant
2133 4171 2437 4239 diacones
2468 4177 2540 4238 et
2566 4171 2945 4251 struciones,

841 4277 1001 4345 fecit
1042 4276 1187 4343 Deo
1230 4274 1479 4342 servire
1522 4270 1932 4339 monachos?
2021 4272 2409 4340 AEdificavit
2466 4295 2660 4340 novae
2705 4272 2950 4340 Hiero·

843 4380 1115 4468 solymae
1182 4382 1422 4466 portas,
1484 4373 1864 4444 construxit
1905 4374 2115 4461 ipsius
2159 4375 2445 4442 coenobii
2487 4395 2666 4443 nova
2708 4375 2949 4442 funda-

840 4488 1083 4562 menta,
1130 4502 1279 4567 quae
1322 4479 1411 4546 ad
1454 4477 1925 4565 perfectionem
1984 4475 2262 4565 perfecit
2306 4482 2373 4545 et
2419 4498 2569 4546 cum
2631 4477 2945 4566 simplici-

840 4591 982 4655 tate
1025 4584 1240 4652 cordis
1284 4582 1429 4649 Deo
1475 4579 1736 4648 obtulit.

925 4703 1053 4769 His
1096 4701 1396 4790 peractis,
1440 4701 1529 4768 ad
1571 4720 1652 4767 ea
1693 4699 2040 4768 redeamus
2085 4719 2236 4787 quae
2302 4700 2377 4764 in
2420 4698 2561 4768 loco
2606 4697 2734 4767 sibi
2776 4720 2945 4787 prae-

837 4807 1078 4876 dilecto
1120 4805 1342 4894 gessit,
1373 4804 1482 4869 vel
1523 4803 1614 4871 ad
1657 4824 1737 4871 03
1780 4803 1956 4872 (1033
1998 4825 2147 4891 quae
2192 4802 2603 4872 Ramesiensi
2646 4802 2945 4872 coenobio
