3600 5800
1216 912 1307 960 ST.
1354 911 1538 959 JOHN
1588 912 1674 959 oF·
1720 910 2098 958 BEvERLEY.
2572 892 2699 953 525

604 1091 855 1157 Vinum
917 1099 1142 1159 autem
1163 1091 1190 1132 ¹
1257 1095 1434 1181 quod
1477 1094 1662 1161 intus
1728 1101 1872 1163 erat
1915 1117 2035 1182 per
2099 1094 2313 1162 sancti
2379 1092 2703 1160 antistitis

605 1193 916 1259 meritum
959 1196 1324 1281 permansit
1367 1196 1667 1275 fflaesum,
1697 1197 1943 1283 quique
1989 1198 2071 1264 de
2100 1197 2216 1263 illo
2261 1195 2422 1262 vino
2465 1198 2698 1282 postea

607 1295 892 1382 sumpsit
934 1294 1215 1383 potum.⁹

1584 1399 1739 1465 XII.

693 1523 874 1589 Dum
943 1525 1226 1612 quadam
1291 1526 1398 1591 die
1456 1527 1544 1591 ad
1605 1528 1985 1614 episcopum
2030 1527 2247 1592 multa
2308 1526 2698 1594 conveniret
2728 1536 2894 1614 opher

604 1625 818 1705 turba,
864 1634 946 1693 ut
989 1628 1156 1692 sacri
1201 1627 1525 1693 crismatis
1570 1629 1950 1694 unctionem
1996 1628 2335 1714 acciperet,
2367 1628 2698 1714 quendam
2728 1604 3031 1721 fflllegffl

594 1727 914 1811 juvenem
959 1734 1294 1793 mortuum
1345 1728 1522 1794 inter
1565 1729 1728 1794 alios
1791 1730 1959 1795 sacti
2003 1730 2329 1795 crismatis
2378 1729 2694 1795 unctione
2727 1751 2778 1800 1>-
2804 1740 2923 1798 259,

604 1827 849 1907 linivit,
894 1829 1114 1916 sicque
1160 1831 1241 1895 de
1287 1835 1497 1895 morte
1540 1831 1626 1896 ad
1671 1830 1885 1897 vitam
1931 1829 2214 1895 reduxit.
2731 1803 2904 1918 {22²3}
2920 1882 3007 1917 are

2733 1934 2855 1984 here
2878 1935 3021 1984 used.

1559 2031 1751 2096 XIII.

696 2160 1017 2227 Similiter
1060 2167 1130 2227 et
1175 2163 1541 2229 daemonem
1585 2164 1672 2229 ab
1714 2163 1984 2229 homine
2028 2162 2308 2249 expulit.

1565 2373 1751 2438 XIV.

700 2497 1045 2579 Quoslibet
1088 2498 1290 2565 etiam
1306 2497 1334 2538 3
1375 2500 1671 2565 infirmos
1700 2499 1968 2566 sanavit
1995 2499 2373 2585 ubicunque
2425 2498 2706 2565 invenit.

1595 2699 1739 2765 XV.

698 2824 788 2890 Et
833 2832 1163 2914 quotquot
1223 2828 1697 2893 vestimentum
1743 2827 1884 2914 ejus
1952 2849 2103 2893 cum
2146 2827 2277 2893 fide
2341 2828 2708 2916 tangebant

608 2928 882 2995 celerem
928 2930 1056 2995 sibi
1101 2932 1454 2997 sanitatem
1500 2930 1847 2997 advenisse
1892 2931 2288 3017 gaudebant.
2551 2939 2554 2943 ’

1577 3132 1756 3197 XVI.

699 3256 832 3322 Sed
877 3263 946 3322 et
989 3263 1461 3342 tempestatum
1518 3256 1810 3323 habebat
1854 3261 2250 3342 potestatem
2311 3282 2430 3345 per
2477 3261 2708 3328 Sancti

613 3354 903 3441 Spiritus
950 3357 1261 3442 vigorem.
2182 3411 2187 3416 .

1550 3468 1772 3535 XVII.

702 3577 922 3659 Multa
979 3594 1245 3679 quidem
1292 3600 1361 3661 et
1426 3595 1559 3663 alia
1602 3597 1792 3684 signa
1836 3623 1953 3688 per
2021 3623 2171 3667 eum
2217 3601 2546 3668 Dominus
2610 3611 2713 3671 est

615 3701 938 3782 operatus,

1534 3800 1789 3869 XVIII.

702 3926 895 3990 Vixit
937 3930 1162 3992 autem
1230 3927 1304 3991 in
1348 3927 1730 4014 episcopatu
1795 3932 2076 4018 triginta
2118 3934 2334 4000 tribus
2397 3937 2591 4001 annis
2637 3944 2707 4005 et
2740 3942 2831 4021 St..
2840 3942 2879 3995 J
2880 3939 3027 3993 ohn’s

612 4034 760 4095 octo
806 4029 1140 4094 mensibus
1185 4034 1255 4094 et
1314 4029 1631 4096 tredecim
1675 4032 1924 4099 diebus,
2018 4035 2255 4103 Postea
2313 4059 2471 4104 vero
2489 4039 2518 4076 ⁴¹
2560 4061 2711 4105 cum
2738 4015 3035 4126 {ffiffffl

604 4131 748 4217 jam
795 4131 1243 4218 episcopatum
1275 4132 1548 4198 circuire
1592 4155 1728 4199 non
1771 4140 2048 4222 poterat,
2090 4160 2345 4204 summo
2391 4142 2715 4208 sacerdoti

614 4233 922 4298 Wilfrido
969 4255 1119 4299 cum
1149 4234 1356 4299 totius
1402 4236 1633 4321 populi
1679 4237 1999 4304 electione
2027 4240 2492 4326 pontificatum
2537 4265 2714 4310 com-

622 4394 660 4402 -μ

682 4484 698 4517 ¹
734 4483 923 4550 autem]
952 4499 1053 4534 om.
1076 4485 1138 4535 T.
1776 4487 1798 4520 ⁸
1838 4487 2102 4548 Quoslibet
2122 4491 2292 4557 eiiam]
2322 4493 2538 4545 Insanos
2563 4496 2716 4548 etiam

681 4563 705 4595 ²
735 4563 902 4612 Multa
926 4562 1133 4626 quidem
1155 4569 1208 4613 et
1231 4563 1333 4612 alia
1355 4563 1502 4630 signa
1529 4581 1621 4629 per
1709 4575 1777 4627 et,
1801 4566 1865 4617 T.

614 4657 729 4693 eum
753 4640 1007 4691 Dominus
1043 4649 1284 4706 operatus
1308 4650 1402 4702 est,
1424 4645 1518 4692 ins.
1542 4645 1618 4704 T„

613 4719 947 4786 transferring
989 4734 1101 4785 cap.
1149 4720 1334 4771 XVII.
1375 4721 1508 4772 from
1553 4722 1619 4773 its

614 4801 773 4865 place.

1774 4685 1796 4715 ⁴
1833 4683 2023 4736 Postea
2047 4687 2188 4754 vero]
2219 4690 2286 4739 Et
2307 4697 2499 4755 postea,
2522 4695 2582 4744 T.
