3600 5800
1411 834 1732 887 morona·
1777 819 2826 891 mmo.197

810 1022 945 1090 Vix
987 1023 1193 1091 verba
1235 1024 1692 1141 compleverat,
1756 1045 1908 1091 cum
1960 1009 2149 1092 ecce1
2194 1044 2473 1110 quorum
2516 1024 2822 1090 manibus
2847 1038 3092 1154 ἷίιιι-ῑᾱ·
3077 1057 3120 1092 as

2844 1121 2861 1156 ι
2916 1122 3019 1170 pn·

612 1135 629 1144 ⁷
719 1126 1183 1214 stringebatur,
1237 1126 1471 1193 acriori
1516 1126 1735 1194 furore
1779 1149 1865 1193 ex
1909 1127 2071 1214 ipsis
2100 1127 2321 1193 verbis
2365 1126 2634 1206 accensi,
2668 1149 2820 1193 eum
2845 1174 3019 1225 soned.

717 1225 1061 1297 tenebroso
1106 1229 1180 1294 in
1224 1251 1474 1296 carcere
1518 1230 1819 1296 vinctum
1863 1230 2298 1296 detruserunt.

811 1332 870 1400 Ο
915 1334 1289 1400 constantia
1331 1334 1499 1400 viri!
1568 1333 1679 1401 Sic
1722 1334 1899 1401 enim
1966 1334 2070 1399 tui
2136 1325 2361 1413 cordiS,
2410 1335 2817 1400 sanctissime
2845 1339 3106 1419 Solilpquy

720 1440 924 1522 pater,
969 1435 1375 1502 hilaritatem
1442 1436 1515 1500 in
1578 1442 1771 1503 tanta
1833 1443 1953 1502 tua
2011 1437 2415 1503 adversitate
2469 1441 2819 1519 contueor3
2842 1408 3019 1525 (ἓξὲξ
3041 1477 3143 1525 and

720 1537 815 1603 sic
858 1539 1195 1605 considero
1239 1538 1517 1606 hilarem
1562 1545 1631 1605 te
1676 1561 1815 1605 esse
1875 1539 2097 1616 solere,
2144 1560 2295 1630 cum
2355 1539 2581 1606 omnia
2638 1560 2818 1626 pros·
2845 1540 3132 1607 sufferings.

718 1660 877 1756 pera
903 1640 1030 1706 tibi
1062 1641 1462 1708 videbantur
1499 1642 1824 1721 arridere,
1809 1665 1822 1679 ·
1868 1646 2095 1706 tamen
2140 1663 2225 1707 ne
2270 1641 2540 1727 pietatis
2570 1641 2823 1706 viscera

718 1741 791 1806 in
852 1742 993 1808 tuis
1058 1742 1216 1808 filiis
1276 1742 1697 1829 aliquatenus
1765 1742 2130 1829 perdidisse
2191 1742 2525 1821 videreris,
2596 1763 2821 1809 eorum

716 1842 939 1929 potius
983 1864 1183 1929 quam
1226 1843 1362 1909 tuis
1405 1844 1717 1909 aerumnis
1762 1843 1907 1930 pias
1950 1842 2320 1928 lachrymas
2363 1843 2823 1959 impendebas3

718 1947 788 2009 et
845 1964 996 2010 cum
1039 1947 1109 2008 te
1168 1965 1384 2010 carcer
1427 1944 1811 2009 tenebrosus
1855 1944 2241 2021 involveret,
2303 1944 2512 2030 magis
2558 1944 2822 2011 dolebas

718 2044 805 2110 ab
849 2066 1074 2111 eorum
1141 2045 1410 2111 auribus
1455 2046 1617 2114 vitae
1662 2047 1867 2111 verba
1928 2047 2231 2132 separari,
2280 2068 2478 2133 quam
2524 2053 2593 2113 te
2654 2069 2819 2134 prae-

719 2144 936 2210 sentia
978 2165 1300 2231 corporeae
1344 2145 1510 2211 lucis
1555 2145 1868 2232 spoliari.²
1959 2146 2217 2213 Interni
2262 2148 2506 2213 etenim
2551 2147 2821 2215 luminis

720 2245 972 2332 fulgore
1016 2247 1290 2326 nitebas,
1338 2268 1468 2333 quo
1514 2249 1862 2315 carcerales
1906 2251 2209 2316 tenebras
2254 2272 2371 2336 pro
2413 2251 2625 2318 nihilo
2671 2273 2821 2318 con-

721 2349 1077 2415 temnebas.
1200 2349 1417 2431 Quare
1484 2351 1797 2437 quoniam
1843 2351 2112 2418 Divinae
2174 2352 2341 2419 lueis
2407 2353 2821 2440 splendorem

720 2452 903 2518 Deus
968 2452 1043 2517 in
1104 2456 1174 2517 te
1217 2452 1441 2540 vigere
1508 2461 1952 2542 conspexerat,
2021 2455 2329 2521 humanis
2395 2458 2684 2523 tenebris
2745 2464 2820 2525 te
2923 2477 2937 2484 ·

718 2574 1137 2640 nequaquam
1203 2555 1321 2644 diu
1383 2555 1593 2642 premi
1655 2557 2009 2644 permisit;
2082 2557 2198 2622 sed
2261 2557 2505 2624 eisdem
2572 2559 2820 2646 fugatis

718 2647 980 2724 radium
1047 2656 1203 2723 Suae
1271 2658 1437 2725 lucis
1504 2659 1729 2725 domui
1776 2681 1974 2747 quam
2042 2659 2463 2727 inhabitabas
2525 2662 2820 2729 immisit.

716 2760 817 2826 Ac
860 2758 1126 2846 quidem
1176 2760 1439 2826 merito.
1563 2761 1738 2826 Nam
1785 2763 1945 2848 quia
2006 2762 2286 2850 pervigil
2345 2769 2611 2830 aeternae
2671 2765 2822 2843 luci,

719 2864 859 2926 tam
902 2860 978 2926 in
1020 2861 1233 2929 noctis
1270 2883 1470 2948 quam
1514 2862 1589 2929 in
1633 2863 1907 2930 carceris
1952 2863 2231 2943 horrore,
2265 2865 2630 2943 assistebas,
2678 2865 2821 2953 dig-

719 2985 884 3029 num
937 2963 1135 3031 duxit
1181 2963 1303 3030 Sui
1347 2965 1618 3031 luminis
1664 2967 1980 3033 effusione
2025 2967 2303 3057 signare,
2334 2968 2640 3054 operibus
2684 2969 2822 3034 tuis
2871 3020 2874 3025 .

719 3070 788 3131 et
817 3064 1083 3151 caligini
1113 3066 1531 3131 tenebrarum
1577 3066 1676 3131 nil
1707 3086 1846 3133 esse
1876 3089 2234 3134 commune.
2327 3068 2523 3136 Hanc
2550 3069 2821 3135 luminis
2848 3079 2903 3130 A
2925 3077 3140 3129 miracu-

719 3167 1105 3232 effusionem
1188 3168 1535 3233 custodum
1612 3167 1848 3253 vigilia
1932 3174 2350 3255 protestatur,
2427 3192 2576 3255 quae
2651 3172 2823 3237 circa
2846 3145 3117 3261 ¹n¹¹31¹³⁸h¹³
3243 3166 3246 3169 ¹

720 3267 956 3332 mediae
1029 3268 1243 3334 noctis
1311 3267 1539 3333 horam
1616 3288 1937 3335 carcerem
2011 3269 2176 3333 mire
2249 3269 2612 3355 fulgentem
2687 3293 2822 3338 non
2847 3276 3036 3340 1211'3012·

720 3368 968 3452 absque
1024 3368 1214 3454 gravi
1274 3367 1511 3433 timore
1570 3389 1708 3433 sese
1770 3368 2014 3432 vidisse
2077 3374 2375 3435 testatur.
2500 3370 2633 3436 Sed
2698 3358 2823 3439 hoc

722 3469 1101 3535 testimonio
1165 3473 1233 3534 te
1299 3490 1435 3534 non
1502 3468 1755 3554 eguisse
1823 3471 2187 3556 perpendit,
2256 3471 2372 3556 qui
2447 3472 2820 3538 sanctitatis

720 3575 858 3635 tuae
902 3568 1141 3634 merita
1184 3568 1370 3635 oculo
1414 3569 1594 3635 fideli
1638 3569 1945 3635 attendit.
2055 3571 2246 3637 Beati
2291 3572 2473 3638 Petri
2516 3574 2817 3660 Apostoli

721 3691 1040 3736 carcerem
1083 3691 1233 3736 cum
1295 3674 1411 3735 tuo
1470 3670 1692 3756 potius
1736 3670 2087 3749 considero,
2135 3677 2331 3759 teque
2375 3674 2502 3740 sibi
2548 3682 2824 3792 excepta

720 3771 1110 3838 liberatione
1168 3771 1488 3857 Angelica
1551 3771 1624 3836 in
1687 3771 1958 3838 luminis
2021 3775 2392 3841 ostensione
2459 3778 2821 3864 comparari

598 3922 609 3929 -
720 3874 1145 3940 vehementer
1219 3873 1461 3938 exulto,
1586 3871 2002 3959 Quamquam
2070 3880 2221 3961 post
2285 3876 2456 3943 haec
2493 3883 2563 3942 et
2636 3878 2820 3944 arch-

719 3975 1016 4064 angelica
1090 3974 1445 4042 Michaelis
1492 3974 1877 4041 visitatione
1951 3976 2041 4041 sis
2114 3999 2156 4042 a
2228 3979 2458 4043 mortis
2532 3978 2822 4064 periculo

717 4079 1052 4157 liberatuS,
1115 4084 1195 4143 ut
1253 4078 1507 4144 cunctis
1567 4078 1893 4155 clarescat,
1942 4079 2117 4164 quod
2175 4078 2388 4167 gloria
2445 4080 2632 4166 regni
2692 4080 2821 4146 Dei

716 4179 916 4244 simul
958 4201 1108 4247 cum
1153 4178 1296 4267 ipso
1340 4178 1656 4265 Apostolo
1701 4180 1790 4245 sis
1836 4184 2196 4245 coronatus

786 4450 804 4484 ¹
841 4450 979 4519 ecce]
1010 4449 1069 4514 si,
1093 4452 1156 4501 B.
1764 4453 1775 4520 Ι
1887 4452 1908 4486 ²
1941 4452 2176 4519 spoliari]
2207 4453 2496 4518 exspoliari,
2517 4456 2587 4506 A.
2611 4456 2672 4505 B.
