3600 5800
847 911 978 976 194
1178 991 1183 1000 ,
1448 923 1614 973 vrrA
1657 923 1989 974 wammI
2033 924 2339 975 Erlscom

1468 1154 1917 1240 [CAPITULUM
1967 1154 2326 1240 XXXIII]

508 1333 713 1386 Wilfrid
931 1320 1311 1409 Apostolico
1356 1324 1565 1410 igitur
1608 1329 1678 1389 et
1723 1324 2030 1410 synodali
2077 1325 2336 1391 decreto
2381 1325 2456 1389 in
2501 1313 2946 1411 episcopatum

506 1409 708 1517 ἱζᾙῗε
843 1426 1208 1503 restitutus,
1255 1426 1666 1511 acceptisque
1728 1427 1816 1491 ab
1858 1424 2242 1512 Apostolica
2299 1427 2452 1494 sede
2502 1427 2760 1506 litteris,
2808 1427 2974 1513 regi,

508 1536 692 1585 warde.
846 1527 1108 1593 chrido
1126 1526 1153 1566 ²
1197 1533 1266 1592 et
1323 1527 1807 1614 archiepiscopo
1851 1527 2191 1595 Theodoro
2252 1530 2334 1593 de
2380 1529 2484 1594 sui
2527 1534 2742 1595 status
2801 1530 2947 1594 red-

842 1630 1282 1718 integratione
1334 1630 1614 1708 directiS,
1662 1652 1892 1694 servus
1936 1630 2065 1696 Dei
2130 1652 2369 1718 magno
2435 1654 2772 1698 servorum
2817 1632 2945 1698 Dei
3059 1713 3082 1728 l

843 1732 1270 1819 reliquiarum
1345 1754 1615 1797 munere
1713 1731 1982 1810 ditatus,
2051 1732 2180 1798 iter
2244 1732 2557 1819 Angliam
2631 1734 2943 1800 veniendi

844 1836 1148 1922 repetiit3
1193 1841 1267 1901 et
1306 1836 1465 1920 quia
1507 1840 1783 1901 noverat
1828 1835 2161 1921 scriptum,
2211 1833 2349 1917 Qwi
2414 1835 2721 1903 wmbulat
2781 1836 2947 1903 sim-

506 1942 659 1993 Prov.
682 1957 737 1992 x.
758 1948 806 1993 9·
837 1938 1127 2025 pliciter,
1200 1937 1509 2005 ambulat
1566 1936 1984 2023 confidenter,
2047 1937 2229 2023 regia
2310 1938 2426 2003 via
2506 1937 2943 2025 gradiebatur.

848 2039 1013 2106 Ecce
1043 2045 1283 2118 autem,
1314 2044 1508 2105 extra
1554 2060 1755 2125 quam
1798 2038 2176 2125 putabatur,
2206 2038 2538 2105 latronum
2581 2060 2817 2106 manus
2859 2040 2947 2105 ad

846 2140 1373 2208 interficiendum
1440 2145 1687 2227 parata,
1733 2139 1880 2206 viro
1955 2139 2229 2206 Domini
2292 2140 2474 2206 haud
2538 2147 2729 2228 grata
2801 2163 2948 2228 pro-

504 2254 591 2332 Ηρ
613 2253 730 2304 falls
754 2253 807 2304 in
847 2246 1134 2313 cessione
1215 2246 1512 2314 occurrit.
1625 2244 1837 2311 Erant
1896 2246 2141 2311 etenim
2207 2246 2323 2331 qui
2367 2246 2507 2333 regi
2570 2247 2945 2333 Dagoberto

506 2321 788 2438 11¹ssth
847 2350 1121 2416 insidias
1166 2350 1603 2427 tetenderant,
1650 2370 1932 2435 eumque
1956 2347 1982 2388 ²
2023 2348 2243 2435 gladio
2291 2350 2364 2413 in
2414 2351 2688 2437 inguine
2734 2369 2946 2414 merso
3063 2355 3078 2365 '

507 2454 571 2504 of
582 2454 710 2520 king
845 2459 1258 2520 necaverant.
1372 2450 1466 2516 Hi
1527 2471 1681 2537 ergo
1743 2450 1888 2514 viro
1936 2449 2065 2515 Dei
2125 2456 2549 2531 occurrentes,
2597 2451 2946 2539 animique

504 2519 781 2585 Dagobert.
846 2555 1131 2621 furorem
1179 2553 1408 2618 vultus
1452 2552 1557 2617 sui
1599 2551 1941 2618 ferocitate
1985 2552 2364 2637 pandentes,

1184 2700 1402 2758 Proelia
1434 2698 1678 2754 vibratis
1715 2697 2014 2754 intentant
2048 2695 2308 2753 cominus
2342 2698 2542 2754 hastis.
2966 2694 3267 2814 {grgdegodffi

842 2841 1097 2913 Quorum
1122 2857 1288 2906 unus,
1315 2829 1432 2917 qui
1462 2827 1649 2915 quasi
1679 2826 1820 2893 loco
1868 2825 2183 2914 principis
2212 2826 2390 2917 inter
2417 2849 2526 2893 eos
2556 2827 2941 2909 habebatur,

841 2960 1079 3001 exonam
1115 2933 1291 3020 quod
1335 2953 1537 2996 manu
1581 2934 1889 2996 tenuerat
1931 2937 2071 3004 telo,
2117 2929 2319 2997 militi
2365 2920 2617 2997 Christi
2650 2940 2808 2995 foedo
2845 2957 2945 2995 ore

506 3052 651 3118 They
673 3055 761 3105 ιὰ-
842 3035 1348 3112 conviciabatur,
1399 3041 1431 3067 “
1449 3030 1772 3109 Delator‚’'
1835 3031 2154 3118 inquiens,
2223 3043 2260 3069 ‘⁴
2277 3039 2485 3112 patriae
2545 3042 2815 3112 petulans
2876 3038 2945 3099 et
2968 3024 3100 3100 Ib'id.
3125 3051 3260 3101 791-

503 3120 644 3170 Μ
667 3119 789 3172 him·
846 3150 884 3177 ‘⁴
920 3145 1264 3203 moribunde
1308 3143 1516 3209 viator,
1556 3148 1624 3199 tu
1684 3133 1951 3220 quidem
2010 3133 2382 3219 jampridem
2434 3141 2660 3196 G-allica
2717 3149 2945 3214 sceptra
2969 3121 3017 3167 ²·

847 3250 883 3278 “
919 3247 1172 3314 violasti,
1239 3243 1318 3302 tu
1383 3236 1636 3303 Gallica
1702 3257 1858 3300 rura
1918 3234 2441 3322 pessumdedisti,
2496 3239 2573 3299 tu
2622 3234 2941 3303 Gallicam

845 3351 879 3378 “
922 3342 1299 3408 libertatem
1359 3341 1432 3405 in
1490 3340 1881 3407 servitutem
1970 3338 2298 3426 redegisti,
2363 3360 2514 3405 cum
2581 3342 2942 3424 tyrannum

845 3454 879 3480 “
914 3445 1098 3531 juste
1142 3467 1185 3512 a
1227 3443 1418 3510 nobis
1475 3443 1619 3531 jam
1665 3443 1823 3508 olim
1886 3442 2263 3509 exsiliatum
2327 3446 2448 3507 tua
2505 3442 2829 3508 instantia
2871 3443 2944 3507 in

843 3553 878 3580 “
920 3567 1196 3631 regnum
1264 3545 1686 3612 constituisti.
1809 3543 1905 3609 At
1978 3544 2186 3630 ipsius
2260 3544 2527 3630 quidem
2591 3544 2944 3610 crudelitas

841 3654 878 3680 “
912 3646 1285 3732 justissima
1335 3652 1547 3713 morte
1596 3645 1848 3732 punita,
1883 3650 1950 3711 te
1996 3667 2272 3732 quoque,
2313 3650 2546 3733 utpote
2580 3646 2946 3712 maximum

844 3755 878 3782 “
921 3770 1057 3813 suae
1102 3749 1359 3814 mortis.
1379 3753 1729 3826 auctorem,
1775 3754 1860 3827 te,
1892 3748 2181 3834 inquam,
2227 3749 2456 3815 eadem
2501 3753 2711 3814 morte
2751 3748 2944 3835 puni-

844 3857 879 3885 “
925 3851 1170 3916 endum
1249 3873 1386 3916 esse
1470 3850 1809 3916 declamat.
1922 3849 2283 3918 PrOcumbe
2372 3850 2593 3937 igitur,
2655 3850 2940 3937 pestifer,

842 3961 875 3989 “
920 3952 1286 4039 procumbe,
1335 3956 1404 4015 et
1472 3951 1674 4037 digna
1739 3950 1994 4017 ultione
2057 3952 2397 4031 multatus,
2462 3953 2675 4021 eidem
2745 3973 2943 4040 quam

843 4063 877 4091 “
920 4061 1148 4122 contra
1190 4076 1311 4120 nos
1355 4053 1583 4120 fovisti
1630 4054 1829 4119 morti
1875 4053 2274 4120 succumbe.’'

506 4170 749 4224 Wssfrid’s
930 4157 1019 4223 Et
1061 4163 1265 4245 pater,
1322 4160 1588 4223 contra:
1660 4165 1692 4191 “
1712 4156 1787 4222 Si
1832 4178 1968 4222 non
2025 4156 2232 4243 jure‚'’
2277 4156 2514 4243 inquit,
2563 4166 2598 4194 “
2618 4156 2744 4225 feci
2788 4178 2941 4227 cum

503 4239 649 4303 1091?
650 4275 664 4288 ·
843 4267 883 4294 “
917 4282 1137 4347 regem
1180 4281 1383 4347 regno
1428 4258 1674 4344 injuste
1721 4258 2086 4344 depulsum,
2135 4264 2460 4345 quantum
2524 4261 2598 4326 in
2641 4284 2748 4328 me
2792 4262 2942 4341 fuit,

841 4370 875 4397 “
919 4361 1355 4429 haereditariae
1419 4360 1733 4449 dignitati
1800 4360 2076 4447 praefeci,
2150 4365 2220 4428 et
2285 4361 2410 4430 hoc
2474 4364 2575 4431 ita
2631 4387 2830 4452 penes
2875 4386 2945 4431 se

841 4471 876 4497 “
918 4485 1058 4529 esse
1102 4463 1460 4549 justissimi
1506 4462 1553 4528 J
1555 4460 1763 4528 udicis
1825 4462 2105 4548 aequitas
2149 4462 2389 4546 habet3
2432 4465 2658 4547 fateor,
2705 4488 2937 4554 poenas

841 4572 876 4600 “
910 4566 1113 4651 justae
1143 4566 1416 4633 ultionis
1445 4564 1932 4653 promptissime
1983 4566 2282 4653 pendam.
2378 4567 2571 4649 Quod
2614 4570 2671 4634 si
2699 4590 2947 4654 nequa-

910 4818 925 4850 ¹
962 4818 1181 4899 Eesraejdo
1202 4821 1274 4885 et]
1306 4819 1604 4883 venerabili,
1625 4823 1720 4872 ins.
1745 4822 1814 4872 A.
1877 4820 1889 4889 Ι
2001 4822 2022 4852 ²
2055 4821 2283 4889 eumque]
2314 4835 2494 4888 nuper,
2521 4823 2614 4875 ins.
2637 4822 2708 4874 A.
2731 4823 2796 4877 B.
