3600 5800
1385 916 1726 976 ECOLESDE
1774 927 2248 977 ssonmmms.
2629 912 2636 923 '
2729 902 2859 988 359

756 1104 963 1192 Signa
1008 1108 1359 1175 salutifero,
1456 1111 1739 1191 Quidam
1789 1113 1948 1177 dum
1968 1112 1992 1151 ¹
2037 1114 2204 1180 forte
2253 1115 2470 1181 viator
2883 1133 3137 1185 Min-acles.

757 1207 912 1292 Egit
957 1208 1086 1274 iter
1119 1210 1322 1295 juxta
1366 1212 1583 1279 fuerat
1628 1235 1761 1298 qua
1804 1236 2091 1281 scamma
2110 1214 2134 1254 ²
2181 1216 2400 1294 duelli,
2724 1223 2852 1285 315
2880 1199 3123 1317 ξωξῗζξι

754 1307 962 1394 Cujus
1009 1333 1214 1397 equus
1260 1313 1481 1381 subito
1527 1315 1688 1379 totis
1733 1315 2078 1383 lascescere
2125 1319 2435 1383 membris
2880 1329 2964 1381 the
2987 1333 3168 1384 battle-

752 1410 1063 1497 Coeperat
1107 1421 1176 1478 et
1219 1415 1523 1480 frendens
1569 1438 1678 1482 ore
1724 1440 2028 1503 spumare
2075 1425 2361 1497 cruente,
2879 1395 3190 1517 flozlgavivgaere

749 1512 972 1597 Atque
1017 1536 1213 1580 ruens
1257 1537 1487 1602 campo
1532 1518 1712 1582 volvi
1757 1520 2118 1585 moriturus
2165 1521 2237 1585 in
2282 1521 2414 1598 illo,
2874 1528 2974 1580 fell-

752 1613 961 1699 Inque
1006 1616 1220 1683 locum
1267 1640 1534 1684 versans
1579 1621 1783 1697 venit,
1831 1644 1963 1705 qua
2006 1644 2124 1687 rex
2171 1622 2321 1707 pius
2367 1623 2614 1688 Osuald

750 1715 1078 1783 Occubuit
1121 1720 1469 1804 quondam,
1516 1725 1678 1787 tunc
1721 1723 1951 1786 statim
1997 1745 2261 1809 corpore
2310 1746 2468 1789 sano
2716 1728 2848 1789 :320

411 1818 721 1872 AE⁰·Vi·638·
751 1816 1126 1905 Exsurgens
1171 1821 1366 1887 avide
1411 1822 1722 1907 carpebat
1764 1849 1998 1888 amoena
2033 1834 2272 1889 virecta.

748 1920 1090 1985 Intellexit
1135 1943 1332 2008 eques
1377 1922 1725 2008 quicquam
1772 1925 2196 2009 praestantius
2241 1924 2358 1989 illo

748 2021 905 2086 Esse
950 2020 1126 2103 loco;
1171 2023 1445 2088 titulum
1491 2045 1739 2110 ponens
1785 2026 2127 2110 equitabat
2170 2027 2257 2091 ab
2301 2027 2456 2091 inde

746 2122 1128 2217 Hospitium
1176 2127 1447 2191 veniens
1493 2148 1624 2211 quo
1670 2127 1990 2192 tenderat.
2085 2128 2285 2194 Ecce!
2333 2129 2555 2214 puella

744 2223 996 2291 Tabida
1040 2227 1362 2312 paralysis
1405 2226 1624 2314 gelido
1669 2227 1982 2314 languore
2020 2229 2302 2313 jacebat,
2711 2235 2840 2296 325

741 2326 999 2394 Ultima
1043 2330 1505 2416 congeminans
1554 2330 1809 2395 miserae
1854 2330 2136 2415 suspiria
2179 2331 2375 2409 vitae3
2867 2320 3125 2440 ffigdmrl

741 2428 1040 2517 Cumque
1087 2431 1318 2496 domus
1363 2431 1616 2517 neptim
1665 2430 1874 2517 patris
1918 2431 2187 2496 turbata
2229 2433 2550 2517 gemebat,
2868 2405 3123 2507 hyealadgfft

740 2532 1051 2619 Suggerit
1094 2534 1333 2619 hospes
1378 2555 1523 2599 eam
1571 2533 1722 2599 duci
1772 2554 1904 2617 quo
1949 2532 2117 2598 forte
2162 2532 2454 2599 caballus
2865 2520 3116 2652 {mm

737 2634 1024 2700 Sanatus
1067 2635 1319 2716 fuerat3
1363 2657 1673 2721 carroque
1717 2635 2001 2720 imposta
2045 2636 2265 2721 puella
3011 2626 3023 2639 '

735 2735 1035 2815 Ducitur,
1084 2742 1162 2801 ut
1198 2736 1400 2822 jussit
1444 2742 1816 2802 monstrans
1861 2734 2002 2800 loca
2045 2741 2273 2802 sancta
2315 2737 2545 2815 viator,
2707 2738 2839 2803 330

737 2836 826 2903 Et
869 2837 999 2905 sita
1042 2859 1274 2926 corpus
1320 2839 1507 2904 humi
1554 2837 1827 2925 paulum
1874 2836 2189 2904 dormivit
2232 2838 2493 2918 ibidem,

735 2941 1203 3029 Evigilansque
1251 2964 1436 3009 suam
1483 2942 1808 3029 persensit
1851 2941 2075 3007 adesse
2121 2942 2416 3008 salutem.

735 3043 899 3109 Inde
944 3045 1185 3131 petivit
1228 3067 1485 3131 aquam,
1531 3045 1765 3111 faciem
1812 3044 1938 3108 sibi
1984 3043 2168 3122 lavit,
2213 3051 2284 3110 et
2327 3046 2503 3130 ipsos

734 3143 1121 3230 Composuit
1165 3146 1391 3222 crines,
1436 3151 1637 3230 caput
1680 3150 1751 3211 et
1796 3143 2124 3210 velamine
2171 3145 2358 3222 texit,

734 3244 1182 3332 Ductoresque
1228 3267 1379 3311 suos
1423 3245 1656 3311 alacris
1701 3245 1942 3308 deinde
1987 3251 2212 3310 secuta
2256 3252 2368 3311 est.
2706 3252 2834 3314 335

398 3351 478 3429 ,Cf-
504 3352 660 3417 Beda,
820 3347 1012 3413 Alter
1056 3347 1184 3412 iter
1226 3347 1471 3413 faciens
1518 3346 1812 3432 praefatae
1857 3367 1977 3431 per
2019 3345 2161 3411 loca
2203 3368 2459 3433 pugnae,

396 3433 467 3468 ω’
495 3424 572 3469 ¹⁰'
734 3450 941 3518 Ecce!
985 3452 1108 3517 loci
1154 3452 1442 3537 spatium
1488 3472 1716 3537 campo
1753 3451 2110 3536 jocundius
2156 3453 2337 3517 omni

733 3553 952 3619 Unius
996 3553 1305 3640 inspexit,
1352 3552 1680 3638 viridique
1725 3552 2072 3617 venustius
2117 3552 2334 3618 herba.

733 3656 898 3723 Haec
940 3661 1208 3743 reputat
1250 3677 1509 3722 secum:
1559 3663 1593 3688 “
1623 3653 1883 3720 Cecidit
1927 3653 2033 3718 vir
2077 3655 2362 3720 sanctior
2407 3657 2572 3733 istic,

730 3766 764 3791 “
809 3758 1128 3835 Arbitror,
1175 3756 1413 3823 idcirco
1458 3756 1724 3843 prodest
1767 3754 1911 3821 haec
1954 3761 2131 3820 terra
2174 3755 2371 3821 saluti
2393 3781 2409 3837 ;
2428 3757 2460 3780 ”
2704 3761 2837 3825 340

728 3859 951 3946 Atque
994 3860 1209 3947 ligans
1253 3879 1472 3946 panno
1516 3858 1765 3924 tulerat
1809 3857 1891 3922 de
1936 3857 2206 3943 pulvere
2251 3879 2487 3936 secum,

729 3961 933 4027 Venit
976 3967 1047 4027 et
1089 3962 1175 4028 ad
1220 3960 1552 4048 quandam
1599 3959 1953 4025 lascescens
1999 3980 2266 4045 vespere
2311 3959 2557 4026 villam.

728 4063 920 4130 Plebs
964 4063 1229 4151 epulare
1275 4084 1489 4130 casam
1535 4061 1713 4127 villae
1757 4065 1921 4127 tunc
1964 4060 2153 4126 venit
2197 4060 2268 4125 in
2313 4082 2531 4139 unam,
2856 4048 3149 4182 ξξοῗέιῇω

729 4161 879 4246 Qu'a
921 4187 1179 4252 quoque
1224 4170 1564 4251 susceptus
1610 4163 1883 4230 veniens
1927 4162 2294 4228 intraverat
2336 4162 2587 4250 hospes
2855 4182 2987 4233 from
3010 4186 3096 4236 the

726 4266 1026 4333 Pulveris
1067 4289 1146 4334 ac
1189 4288 1484 4355 pannum
1528 4270 1720 4354 posta
1762 4265 2107 4354 suspendit
2150 4264 2223 4328 in
2266 4264 2417 4330 alta.
2695 4266 2824 4330 345
2853 4264 2998 4382 Q}
3014 4252 3155 4368 ΕΜ

723 4368 1025 4457 Contigit
1070 4376 1149 4436 ut
1190 4369 1411 4437 subito
1455 4369 1737 4435 flammis
1781 4366 2216 4435 volitantibus
2259 4366 2470 4432 altum
2857 4384 2960 4435 fite.

796 4650 809 4683 ¹
843 4647 984 4717 dum]
1029 4649 1195 4700 added
1234 4650 1305 4713 by
1342 4649 1473 4701 Gale
1501 4647 1557 4698 in
1580 4647 1727 4707 MS.;
1819 4651 1852 4674 “
1888 4643 2192 4695 laetantui-,⁹³
2262 4641 2344 4695 cf.
2382 4642 2470 4693 Du
2504 4641 2703 4709 Gange,
2735 4642 2827 4692 sub

726 4730 865 4786 Jaffis
887 4731 1058 4782 writes
1081 4745 1208 4781 nam.
1822 4741 1953 4776 voce.

794 4809 817 4843 ²
843 4811 1083 4876 scama]
1131 4813 1161 4839 ‘⁴
1180 4808 1358 4860 Arena
1393 4805 1484 4858 ubi
1525 4806 1731 4857 athlete
