3600 5800
1230 906 1324 956 ετ.
1368 904 1555 956 some
1600 905 1690 953 or
1733 902 2118 952 emens-r.
2590 884 2721 954 537

535 1101 542 1108 ’
613 1103 742 1174 ipsa
787 1120 939 1176 aqua
985 1119 1115 1160 eam
1162 1104 1403 1161 lavaret.
1502 1094 1651 1176 Quo
1694 1091 1888 1170 factO,
1935 1116 2078 1157 sana
2125 1096 2393 1166 surrexit,
2435 1092 2505 1154 et
2546 1087 2723 1155 vires

613 1218 683 1261 se
728 1195 1045 1283 recepisse
1091 1196 1417 1277 sentiens,
1448 1196 1608 1263 laeta
1650 1195 1955 1282 episeopo
1999 1200 2273 1275 poculum
2311 1200 2544 1256 obtulit.

687 1306 952 1378 Rogatus
1007 1318 1050 1364 a
1091 1300 1378 1386 quodam
1414 1305 1644 1364 comite
1677 1302 1760 1363 ut
1786 1297 2062 1363 visitare
2095 1294 2482 1381 dignaretur
2508 1292 2722 1358 filium

613 1420 808 1464 suum
875 1400 1233 1481 infirmum,
1295 1407 1366 1469 et
1437 1400 1826 1468 benedicere
1901 1405 2171 1471 intravit,
2234 1410 2296 1461 et
2366 1404 2519 1461 vidit
2588 1423 2724 1461 eum
2748 1406 2904 1469 Beda,
2927 1422 2978 1456 v.
3002 1409 3050 1456 5.

615 1502 868 1559 maestis
896 1503 1169 1563 omnibus
1218 1504 1347 1578 J‘am
1405 1504 1584 1561 morti
1634 1504 1990 1578 proximum,
2042 1499 2414 1572 positumque
2463 1499 2725 1556 loculum
2750 1484 2967 1536 Mimlss

609 1596 779 1667 juxta
813 1613 949 1652 eum
988 1597 1053 1653 in
1089 1616 1207 1671 quo
1243 1598 1616 1672 sepeliendus
1657 1596 1801 1671 9881
1836 1595 2091 1660 deberet,
2130 1590 2199 1650 et
2232 1591 2532 1648 benedixit
2568 1610 2725 1661 eum,
2750 1552 3064 1671 {gotffihgiek

617 1675 904 1742 Sedente
947 1692 1083 1758 post
1115 1687 1243 1744 haeo
1278 1687 1355 1744 ad
1388 1705 1650 1744 mensam
1682 1678 2005 1781 89180090,
2041 1682 2211 1738 misit
2246 1698 2397 1753 puer
2431 1679 2507 1735 ad
2541 1680 2729 1736 domi·
2751 1688 2932 1754 youth.

613 1791 758 1829 num
808 1791 1001 1840 suum,
1037 1792 1252 1848 rogans
1301 1775 1417 1832 sibi
1449 1776 1655 1832 vinum
1708 1767 1913 1846 mitti,
1958 1774 2096 1847 quia
2144 1760 2379 1827 sitivit.
2480 1768 2730 1825 Gavisus

611 1865 716 1920 ille
751 1866 893 1937 quia
923 1864 1126 1921 bibere
1158 1874 1371 1939 posset,
1408 1867 1575 1924 misit
1608 1868 1664 1925 ei
1700 1869 1943 1926 calicem
1977 1866 2105 1923 vini
2140 1864 2216 1919 ab
2248 1862 2524 1935 episcopo
2558 1860 2728 1918 bene-

615 1956 857 2014 dictum.
954 1956 1140 2028 98818
1187 1964 1257 2015 ut
1311 1959 1480 2025 bibit,
1534 1962 1816 2019 continuo
1877 1956 2147 2023 surrexit,
2198 1952 2270 2014 et
2330 1945 2614 2012 induens
2667 1970 2732 2011 se

616 2044 865 2102 intravit
896 2042 968 2103 et
1001 2048 1300 2105 salutavit¹
1325 2047 1681 2121 episcopum,
1709 2048 1931 2116 dicens,
1955 2047 2093 2120 quia
2126 2046 2252 2120 ipse
2277 2061 2512 2117 quoque
2545 2043 2731 2100 delec-

610 2144 839 2195 taretur
871 2138 1223 2196 manducare
1242 2139 1417 2212 {cum}
1449 2158 1521 2198 eo
1567 2146 1652 2211 et,
1671 2141 1893 2198 bibere.
1983 2137 2318 2203 Residebat,
2342 2136 2730 2208 {vescebatun

612 2232 867 2300 bibebat,
905 2228 976 2290 et
1009 2232 1336 2300 laetabatun
1376 2232 1544 2305 quasi
1579 2252 1732 2292 unus
1777 2248 1865 2293 ex
1909 2224 2021 2291 818.

705 2337 1023 2405 Famulus
1089 2338 1270 2405 enim
1332 2337 1587 2406 Christi
1649 2338 2072 2407 Hel-ebaldus
2148 2337 2221 2403 in
2284 2334 2458 2404 clero
2517 2337 2733 2404 sancti
2759 2334 2871 2413 The
2896 2370 3037 2429 story

615 2441 904 2529 θΡῘΒθΟΡί
947 2441 1307 2530 aliquando
1359 2450 1806 2526 conversatus,
1851 2451 2083 2533 postea
2125 2463 2285 2509 vero
2331 2440 2535 2507 abba-s
2588 2463 2730 2508 mo·
2757 2430 2822 2481 ⁰f
2834 2431 3003 2481 Here-

613 2545 892 2611 nasterii
936 2554 1094 2628 quod
1129 2561 1223 2611 est
1249 2555 1421 2628 juxta
1468 2556 1689 2613 ostium
1725 2557 1874 2613 Tine
1924 2554 2188 2612 fluminis
2224 2544 2511 2624 effect-ue,
2555 2554 2733 2609 mira·
2756 2498 2891 2549 bald·

615 2643 815 2700 culum
839 2635 914 2701 in
942 2635 1233 2722 seipsum
1264 2628 1485 2685 factum
1507 2637 1582 2703 18
1610 2637 1790 2705 hunc
1819 2636 2091 2705 modum
2122 2635 2440 2702 narravit.
2518 2645 2556 2669 ‘⁸
2579 2643 2729 2699 Cum
2756 2651 2916 2711 Beda,
2939 2666 2988 2702 v.

615 2730 652 2758 “
681 2724 860 2790 enim
904 2726 976 2791 in
1004 2725 1220 2814 primo
1250 2732 1661 2793 adolescentiae
1684 2740 1948 2809 tempore
1980 2737 2046 2792 in
2070 2737 2227 2792 clero
2250 2734 2412 2791 illius
2438 2732 2731 2808 degerem,
2758 2734 2869 2784 ‘³⁸1'-
2896 2723 2944 2770 ⁶·

619 2824 657 2849 “
696 2823 799 2878 sed
834 2825 1100 2880 animum
1149 2825 1413 2896 perfecte
1460 2842 1498 2880 a
1536 2823 1903 2895 juvenilibus
1948 2824 2242 2882 illecebris
2285 2821 2443 2897 non'
2473 2814 2733 2881 cohibe-

618 2911 652 2938 “
696 2926 853 2985 rem,
886 2907 1171 2993 contigit
1220 2913 1317 2970 die
1366 2915 1620 2988 quadam
1655 2935 1762 2973 nos
1800 2917 1916 2973 iter
1952 2921 2193 2989 agentes
2239 2933 2375 2972 cum
2422 2915 2527 2972 illo
2563 2912 2736 2971 deve-

619 2995 658 3020 “
696 2996 858 3053 nisse
881 2996 944 3052 in
979 2997 1139 3052 viam
1174 2996 1414 3067 planam
1437 2999 1499 3051 et
1522 2996 1801 3092 amplam,
1830 3003 2142 3068 aptamque
2179 2995 2380 3051 cursui
2414 3012 2732 3067 equorum3

620 3081 657 3106 “
696 3088 1110 3153 coeperuntque
1140 3080 1405 3153 juvenes,
1445 3080 1702 3136 maxime
1735 3080 1893 3147 laici,
1936 3080 2237 3151 postulare
2284 3078 2622 3151 episcopum
2671 3085 2738 3135 ut

619 3160 659 3185 “
698 3176 873 3214 cursu
923 3161 1145 3230 majore
1195 3176 1376 3230 equos
1435 3175 1568 3215 8888
1627 3157 1882 3213 invicem
1947 3158 2194 3230 probare
2243 3156 2465 3214 liceret.
2563 3150 2737 3216 Cum

618 3245 654 3272 “
699 3240 987 3364 magnad
1018 3260 1239 3304 emum
1283 3237 1609 3303 instantia
1651 3238 1787 3303 11118
1832 3239 2268 3324 acquiescens,
2322 3246 2734 3315 ’1188118318-

620 3337 659 3364 “
698 3336 902 3407 quit,‘
925 3336 978 3393 81
1012 3335 1212 3401 vultis,
1239 3335 1325 3391 ita
1346 3341 1545 3391 tamen
1579 3340 1650 3391 ut
1690 3335 2057 3393 Hel-ebaldus
2101 3325 2419 3393 omnino2
2464 3354 2527 3393 88
2561 3338 2735 3395 absti-

621 3426 658 3449 “
701 3425 920 3481 ‘Bneat
992 3424 1174 3481 Porro
1197 3437 1317 3502 ego
1352 3423 1698 3495 diligentius
1731 3423 2064 3491 obsecrans,
2087 3431 2157 3482 ut
2191 3432 2253 3484 et
2286 3425 2435 3481 mihi
2471 3426 2735 3482 certandi

618 3505 658 3528 “
698 3522 835 3560 cum
884 3504 1005 3562 11118
1051 3504 1295 3561 daretur
1336 3504 1521 3574 08918,
1561 3520 1928 3574 nequaquam
1976 3503 2291 3576 impetrare
2337 3506 2521 3578 potui.
2593 3506 2733 3563 Las-

603 3586 656 3654 ·“
696 3584 827 3641 civo
841 3585 864 3618 ⁸
883 3581 1112 3643 tamen
1146 3589 1451 3658 superatus
1486 3581 1699 3647 animo,
1726 3580 2061 3641 ludentibus
2085 3602 2181 3641 me
2206 3585 2435 3653 miscui,
2462 3591 2523 3642 et
2558 3586 2733 3643 simul

613 3663 655 3691 ‘⁴
696 3683 870 3722 cursu
927 3665 1064 3739 equi
1123 3664 1469 3722 contendere
1515 3660 1685 3733 coepi.
1785 3662 1954 3732 Quod
2012 3662 2154 3720 dum
2214 3683 2469 3737 agerem,
2536 3665 2734 3723 audivi
2826 3733 2835 3742 .

617 3749 656 3774 ‘⁶
696 3748 867 3806 illum
925 3755 1060 3823 post
1115 3754 1352 3820 tergum
1411 3746 1561 3802 mihi
1610 3763 1746 3803 cum
1795 3747 2024 3817 gemitu
2073 3747 2367 3806 dicentem
2418 3749 2507 3807 Ὀ
2555 3769 2732 3824 quam

618 3831 657 3856 ‘⁶
697 3847 1002 3902 magnum,
1038 3848 1151 3894 voe,
1189 3828 1333 3884 facis
1380 3826 1530 3883 811111
1570 3825 1656 3882 818
1708 3826 2085 3897 equitando?
2176 3821 2267 3886 Et
2306 3848 2418 3903 ego
2471 3831 2733 3899 audiens,

616 3918 654 3943 “
694 3918 1079 3975 nihilominus
1140 3917 1349 3989 coeptis
1398 3915 1600 3973 vetitis
1650 3909 2087 3992 perseveravi.
2196 3919 2257 3975 N
2256 3936 2323 3974 ec
2371 3936 2554 3986 mora,
2591 3919 2735 3976 dum

617 4008 654 4032 “
695 4008 927 4062 fervens
986 4024 1172 4079 equus
1220 4004 1514 4080 quoddam
1561 4003 1792 4062 itineris
1842 4023 2160 4064 concavum
2204 4021 2448 4086 magno
2508 4007 2735 4081 impetu

619 4096 655 4120 “
694 4094 1040 4162 transiliret,
1102 4095 1301 4167 lapsus
1358 4093 1569 4159 decidi,
1623 4098 1686 4149 et
1741 4110 1879 4149 mox
1927 4097 2091 4154 velut
2141 4095 2447 4155 mortuus
2495 4114 2733 4152 sensum

621 4175 658 4201 ‘⁸
699 4174 934 4246 penitus
988 4181 1330 4246 motumque
1388 4190 1624 4230 omnem
1676 4173 1947 4245 perdidi3
2005 4183 2181 4250 atque
2241 4181 2427 4237 fracto
2484 4177 2696 4248 pollice
2711 4177 2733 4209 ⁴

619 4254 656 4280 ‘⁸
698 4254 908 4346 capitis
943 4271 1173 4328 quoque
1213 4254 1495 4327 Junctura
1534 4243 1930 4311 solvebatur.
2005 4257 2329 4315 Vomebam
2371 4263 2568 4315 autem
2603 4274 2734 4312 san·

618 4335 660 4363 “
697 4334 958 4408 guinem,
997 4352 1068 4392 88
1105 4335 1261 4408 quod
1319 4335 1624 4392 interanea
1670 4340 1866 4393 ment
1923 4338 2145 4394 ruendo
2196 4339 2496 4396 convulsa.
2593 4337 2734 4409 Epi-

694 4639 712 4672 ¹
745 4648 795 4691 et
818 4639 1087 4706 cantavit]
1117 4656 1219 4691 om.
1241 4640 1303 4692 Ο.
1797 4637 1820 4672 ⁸
1854 4636 2103 4709 Laecivo]
2132 4641 2330 4705 Latius,
2351 4642 2413 4696 E.
2438 4645 2540 4696 and
2560 4644 2624 4697 0⁶

692 4719 715 4753 ²
746 4721 962 4789 omnino]
992 4735 1094 4772 om.
1115 4721 1178 4772 Ε.
1203 4723 1305 4771 and
1330 4721 1391 4773 Ο.
1804 4717 1826 4751 ⁴
1851 4720 2069 4791 pollice]
2096 4721 2317 4790 poplioe,
2337 4725 2400 4777 E.
