3600 5800
878 882 1009 946 458
1527 892 1693 943 vrrs
1735 891 1983 944 smcm
2027 890 2351 955 oswALm,

874 1086 1105 1149 contra
1168 1082 1379 1150 aerias
1445 1086 1825 1171 potestates,
1885 1081 2133 1147 bellum
2197 1080 2504 1150 similiter
2560 1084 2766 1171 gessit
2826 1105 2979 1153 cum

874 1184 1252 1251 visibilibus
1310 1187 1624 1253 membris
1688 1183 2028 1264 Beemoth,
2076 1182 2193 1270 qui
2239 1184 2383 1272 ejus
2443 1185 2746 1253 doctrina
2805 1188 2978 1254 redi-

873 1288 1042 1366 miti,
1089 1288 1221 1368 sed,
1266 1294 1348 1354 ut
1389 1291 1635 1358 rectius
1681 1289 1814 1356 dici
1876 1286 2210 1366 convenit,
2254 1286 2517 1367 irretiti,
2564 1287 2781 1355 solent
2834 1289 2979 1377 jus-

874 1391 965 1455 tis
1008 1390 1312 1457 resistere
1377 1390 1651 1458 actibus.
1745 1390 1869 1455 Est
1922 1389 2128 1476 juxta
2194 1388 2494 1456 civitatis
2554 1391 2821 1470 moenia,
2868 1397 2978 1457 ut-

876 1497 1033 1579 pote
1078 1493 1354 1560 dimidio
1383 1493 1617 1571 stadie,
1646 1492 2122 1558 monasterium
2160 1492 2495 1577 quoddam
2521 1493 2978 1573 constitutum,

538 1596 636 1713 ἓξὲξ
659 1596 833 1715 Αὲἓῑι·
877 1596 1057 1683 quod
1129 1616 1172 1662 a
1242 1595 1693 1663 fundamentis
1768 1593 2055 1662 Sanctus
2130 1594 2551 1680 Augustinus
2635 1597 2979 1683 episcopus

540 1671 826 1792 Duzszanf'
875 1699 1265 1778 construxit,
1310 1699 1426 1765 sed
1470 1718 1799 1766 successor
1842 1696 1986 1784 ejus
2030 1695 2319 1783 perfecit,
2365 1701 2567 1783 atque
2627 1698 2977 1779 dedicavit,

539 1812 625 1862 1³1>-
648 1800 797 1849 48-9·
878 1802 953 1867 in
996 1821 1127 1888 quo
1170 1801 1381 1887 ipsius
1439 1806 1511 1866 et
1553 1800 1851 1866 omnium
1915 1799 2368 1885 episcoporum
2412 1820 2686 1887 corpora
2751 1806 2977 1867 tumu-

874 1902 1018 1970 lata
1059 1909 1232 1981 sunt,
1279 1903 1559 1969 scientes
1604 1902 1765 1987 quia
1807 1900 2045 1968 civitas
2090 1920 2229 1966 non
2259 1905 2362 1966 est
2403 1905 2816 1968 mortuorum
2861 1903 2981 1969 sed

874 2006 1199 2085 vivorum,
1245 2006 1396 2071 ideo
1440 2011 1633 2072 extra
1676 2004 2020 2071 civitatem
2065 2002 2328 2089 sepeliri
2372 2002 2685 2071 fecerunt.
2775 2003 2978 2070 Cum-

535 2107 603 2158 In
625 2107 701 2185 S}-
722 2105 848 2196 θῖν’
877 2128 1006 2193 que
1050 2107 1138 2174 ad
1198 2107 1417 2176 locum
1461 2107 1722 2174 veniret
1786 2105 2196 2194 praedictum,
2243 2105 2586 2173 nocturnis
2652 2107 2980 2193 psallebat

539 2179 847 2306 ξαᾝᾬῗθζῖ
875 2210 1072 2289 horis,
1118 2231 1266 2278 cum
1315 2209 1602 2297 quodam
1647 2209 1925 2296 puerulo
1969 2229 2149 2274 more
2201 2207 2300 2294 pii
2345 2207 2691 2275 Benedicti
2734 2208 2832 2274 ire
2890 2208 2978 2275 ad

878 2312 1253 2380 coenobium
1298 2312 1529 2380 Sancti
1573 2310 1939 2399 Augustini
2005 2315 2208 2397 atque
2248 2309 2502 2375 ibidem
2565 2310 2978 2377 orationibus

877 2415 1132 2481 diutius
1175 2415 1540 2502 persistere.
1632 2413 1936 2495 Quadam
2000 2416 2196 2479 nocte
2259 2412 2422 2477 dum
2481 2411 2589 2478 his
2655 2413 2978 2480 bonitatis

539 2526 693 2605 After
878 2517 1162 2596 sudaret,
1210 2517 1414 2596 venit,
1469 2516 1644 2583 sicut
1687 2515 1996 2581 diximus.
2090 2512 2224 2594 Qui
2270 2513 2429 2579 dum
2476 2518 2695 2581 oraret
2744 2516 2979 2583 solem-

537 2609 786 2711 fhrssffio
876 2621 1054 2686 niter
1121 2618 1196 2684 in
1240 2619 1470 2685 eadem
1533 2617 1820 2695 ecclesia,
1866 2615 2273 2703 pedetentim
2335 2637 2668 2702 regressus
2729 2623 2834 2684 est
2890 2617 2979 2684 ad

539 2697 740 2817 return?
759 2732 813 2777 to
878 2722 1163 2788 alterum
1208 2720 1672 2807 dignissimum
1717 2719 2099 2797 oratorium,
2146 2719 2325 2804 quod
2367 2725 2697 2786 sacratum
2743 2725 2845 2786 est
2902 2720 2978 2785 in

537 2793 764 2921 gm
880 2821 1076 2889 laude
1119 2823 1449 2910 praecelsae
1495 2820 1747 2888 Christi
1793 2819 2134 2909 genitricis
2179 2819 2412 2888 Mariae
2457 2827 2798 2909 perpetuae
2842 2823 2981 2887 vir·

877 2926 1069 3012 ginis.
1163 2925 1363 2992 Stans
1421 2924 1510 2991 ad
1570 2924 1813 2990 ostium
1878 2922 2146 2990 oratorii
2209 2923 2418 3011 ipsius
2477 2924 2782 3004 ecclesiae,
2828 2946 2978 3011 quse

877 3031 1101 3098 clausa
1162 3033 1279 3107 est,
1341 3028 1501 3095 fecit
1567 3026 1931 3094 orationem
2000 3025 2271 3093 Christo
2334 3027 2661 3105 devotam,
2707 3028 2781 3092 in
2843 3048 2978 3114 qua

537 3142 644 3192 and
663 3140 813 3191 hears
876 3132 1141 3200 audivit
1186 3130 1476 3198 sonitum
1506 3149 1872 3218 personare,
1903 3150 2038 3195 non
2084 3129 2458 3194 daemonum
2488 3129 2976 3196 teterrimorum

535 3209 784 3325 gsseffisguls
877 3236 994 3321 qui
1038 3234 1254 3301 solent
1310 3232 1657 3299 hominum
1699 3235 1957 3296 mentes
2023 3230 2275 3309 terreri,
2320 3231 2435 3297 sed
2498 3230 2764 3298 audivit
2830 3230 2979 3296 dul-

535 3340 850 3473 gizlffimdthe
875 3337 1212 3405 cissimum
1255 3335 1584 3421 hymnum
1631 3332 1944 3400 dulcibile
1981 3331 2403 3420 jubilationis
2447 3354 2579 3420 quo
2623 3353 2977 3420 personue-

532 3474 651 3537 505„
673 3489 706 3523 0
874 3444 1035 3505 runt
1079 3442 1325 3505 sanctae
1355 3437 1597 3502 animae
1642 3456 1924 3521 quarum
1955 3454 2224 3521 corpora
2267 3435 2342 3500 in
2371 3436 2601 3501 eadem
2644 3434 2981 3503 tumulata

401 3616 414 3627 ,
533 3539 749 3601 heaven,
873 3545 1066 3609 erant
1127 3539 1414 3607 ecclesia.
1507 3537 1808 3623 Cumque
1875 3536 2179 3604 dulcibus
2244 3536 2516 3603 auribus
2584 3537 2861 3617 audiret,
2908 3544 2980 3603 et

874 3641 1175 3710 sollicitis
1204 3640 1540 3707 mentibus
1583 3659 1934 3727 agnoscere
1966 3639 2264 3705 studeret
2307 3639 2434 3706 hoc
2463 3640 2641 3725 quod
2669 3659 2979 3726 persona-

874 3746 1056 3824 bant,
1102 3743 1373 3811 tandem
1402 3742 1528 3810 hoc
1570 3741 1801 3808 audire
1832 3741 2234 3828 promeruit:
2282 3747 2318 3777 “
2341 3740 2653 3807 Gaudent
2682 3741 2757 3807 in
2800 3741 2979 3809 caelis

876 3855 912 3886 “
957 3846 1199 3914 animae
1246 3844 1639 3912 Sanctorum
1685 3842 1802 3931 qui
1848 3841 2103 3909 Christi
2148 3842 2433 3929 vestigia
2494 3847 2654 3909 sunt
2716 3843 2979 3910 secuti.”

875 3949 1102 4017 Finito
1145 3948 1433 4016 carmine
1478 3945 1933 4033 adjunxerunt
1975 3945 2206 4011 laudes
2234 3945 2563 4028 laudibus,
2595 3949 2798 4031 atque
2827 3966 2980 4013 con-

537 4061 639 4111 and
660 4074 804 4111 some
880 4053 1097 4120 cinere
1149 4053 1495 4137 coeperunt
1538 4069 1770 4114 versus
1818 4045 2075 4113 Sedulii
2137 4045 2220 4113 de
2263 4046 2460 4114 laude
2507 4046 2775 4127 Christi,
2822 4069 2979 4116 con-

536 4126 794 4245 mg
877 4176 1039 4222 sona
1080 4173 1241 4221 voce
1285 4149 1737 4216 modulantes:

967 4296 1002 4325 “
1054 4286 1432 4365 Cantemus,
1465 4280 1661 4368 socii,
1707 4279 2005 4350 Domino
2049 4277 2396 4349 comtemus
2439 4279 2772 4360 honorem,

1055 4398 1090 4427 “
1133 4386 1372 4456 Dulcis
1414 4406 1612 4453 amor
1657 4382 1913 4451 Christi
1946 4388 2258 4471 personet
2301 4404 2411 4451 ore
2447 4382 2589 4471 pio.
2746 4433 2752 4440 .

973 4501 1008 4530 “
1050 4490 1345 4560 Primus
1387 4487 1484 4556 acl
1526 4485 1678 4555 ima
1721 4485 1873 4553 mit
1914 4506 2176 4573 ‘magna
2217 4484 2299 4553 de
2343 4485 2488 4554 luce
2530 4484 2872 4573 superbus,

1056 4602 1093 4630 “
1139 4592 1255 4662 ,8220
1296 4591 1490 4658 homo
1535 4610 1692 4657 cwm
1735 4586 1998 4656 twmuit
2032 4586 2316 4675 pffmzus
2359 4586 2456 4655 ad
2498 4587 2650 4655 ima
2693 4586 2948 4655 mul*

942 4798 961 4833 ¹
995 4798 1163 4849 These
1196 4794 1327 4845 lines
1362 4807 1516 4845 occur
1551 4792 1606 4843 in
1643 4793 1734 4845 the
1773 4808 1925 4859 poem
1957 4794 2027 4859 by
2066 4792 2305 4847 sedulius
2338 4792 2590 4855 intitulati,
2639 4795 2672 4827 “
2688 4794 2892 4848 Veten's
2929 4801 2984 4848 et

874 4882 911 4910 “
944 4874 1082 4929 Novi
1101 4871 1411 4925 Testamenti
1435 4869 1699 4925 collatio?
