3600 5800
572 1113 840 1166 Ethelwin'
841 1128 868 1164 s

569 1180 786 1258 bearing

903 912 1035 975 468
1543 924 1708 973 vrrA
1754 923 1998 973 sanem
2045 920 2369 983 oswALm,

908 1132 1147 1178 omaws.
1238 1111 1287 1177 J
1286 1111 1518 1178 acebat
1590 1111 1810 1178 senior
1881 1110 2060 1177 filius
2127 1110 2270 1198 ejus
2331 1110 2407 1175 in
2470 1110 2747 1174 dextera
2806 1111 3015 1194 parte,

574 1246 761 1313 during
781 1247 871 1298 the
902 1213 1130 1300 junior
1173 1235 1330 1279 vero
1396 1213 1470 1278 in
1513 1212 1797 1292 sinistra,
1846 1213 1963 1299 qui
2031 1218 2289 1300 patrem
2333 1216 2674 1278 cernentes
2740 1210 3015 1297 plorare,

574 1314 783 1364 ῦθῑὟίΟθ

580 1817 866 1870 Germanus

579 1885 723 1950 gives
743 1883 851 1933 him

581 1949 870 2001 absolution

577 2326 831 2379 Ethelwin

578 2395 844 2446 addi-esses

577 2459 666 2511 the
685 2462 889 2524 monks,

576 3249 678 3299 and
698 3248 812 3301 bids
916 3259 950 3288 “

575 3316 717 3367 them

578 3383 767 3433 choose

578 3447 865 3500 Germanus
915 3463 950 3492 cc

575 3529 635 3563 as
658 3515 790 3565 their

577 3581 751 3632 abbot.

574 4479 712 4531 Psal.

578 4546 755 4598 cxxiii.
778 4552 829 4600 3.

910 1315 1111 1380 miros
1186 1314 1611 1401 patiebantur
1684 1314 1954 1380 dolores.
2078 1313 2337 1380 Chorus
2410 1312 2815 1381 monasticus
2888 1310 3015 1377 cir-

911 1420 1246 1484 cumstans
1291 1420 1694 1502 prostratum
1726 1416 2091 1502 principem
2135 1414 2291 1494 solo,
2323 1418 2394 1480 et
2420 1414 2761 1480 intuentes
2805 1411 3015 1499 ipsius

911 1518 1146 1585 faciem
1234 1517 1616 1605 lacrymulis
1691 1517 2049 1594 stillicidils
2122 1515 2451 1604 perfundi,
2527 1520 2872 1602 coeperunt
2944 1516 3018 1578 et

911 1626 1207 1688 astantes
1249 1620 1502 1686 flebiles
1546 1620 1850 1686 emittere
1892 1641 2100 1686 voces.
2194 1618 2549 1705 Explicitis
2594 1622 3016 1704 septenorum

912 1722 1321 1788 Psalmorum
1366 1719 1943 1789 decantationibus
1958 1719 1986 1759 ¹
2029 1742 2072 1785 a
2118 1724 2402 1798 caterva,
2448 1718 2636 1785 dedit
2679 1718 2785 1783 illi
2826 1717 3017 1783 abso·

911 1824 1235 1890 lutionem
1281 1823 1563 1889 domnus
1608 1822 1993 1901 Germanus,
2040 1821 2156 1908 qui
2201 1844 2279 1888 eo
2323 1826 2618 1908 tempore
2661 1821 2761 1886 ibi
2817 1819 3019 1906 longa

913 1924 1370 2014 hospitalitate
1413 1925 1742 2002 manebat,
1787 1928 2060 2011 rogatus
2103 1945 2188 1989 ne
2233 1944 2387 1989 eum
2431 1922 2760 1989 desereret
2803 1921 3016 1988 omni-

914 2028 1040 2094 bus
1102 2050 1239 2094 suae
1282 2027 1445 2093 vitae
1507 2026 1754 2092 diebus.
1849 2025 2109 2092 Deinde
2152 2025 2443 2091 surrexit
2502 2025 2784 2112 insignis
2827 2022 3019 2088 miles

917 2128 1188 2209 Christi,
1234 2134 1305 2196 et
1366 2134 1545 2196 tersa
1606 2129 1774 2195 facie
1837 2127 2110 2206 lintheo,
2134 2128 2549 2215 *consignans
2593 2148 2665 2193 se
2709 2124 3018 2193 salvifero

915 2232 1125 2299 crucis
1169 2233 1374 2320 signo,
1437 2231 1674 2300 baculo
1725 2253 1796 2297 se
1843 2235 2224 2297 sustentans
2281 2235 2484 2316 atque
2543 2229 2864 2307 columna,
2924 2227 3021 2293 sic

915 2354 1187 2400 exorsus
1255 2339 1358 2400 est
1423 2332 1776 2399 fratribus:
1844 2337 1881 2367 ‘⁸
1905 2332 2092 2419 Rogo
2137 2352 2274 2409 vos,
2325 2321 2738 2397 dilectissimi
2780 2330 3019 2396 fratres

917 2444 952 2472 “
996 2443 1066 2503 et
1107 2435 1282 2517 111113Β
1323 2440 1406 2501 ut
1448 2435 1670 2502 Deum
1713 2440 2012 2501 vestrum
2058 2433 2355 2521 diligatis
2399 2438 2544 2499 toto
2588 2433 2800 2512 corde,
2845 2432 3021 2499 sicut

917 2546 954 2575 “
997 2560 1117 2604 vos
1185 2539 1424 2604 docent
1489 2542 1735 2605 sanctae
1782 2536 2161 2624 Scripturae,
2226 2540 2297 2601 et
2347 2556 2695 2602 ammoneo
2748 2557 2867 2602 vos
2932 2534 3021 2601 ad

916 2647 951 2675 “
994 2638 1266 2706 meliora
1331 2640 1414 2704 de
1458 2639 1568 2704 die
1632 2640 1707 2703 in
1759 2639 1937 2703 diem
1999 2636 2300 2716 transire,
2346 2641 2417 2703 et
2477 2637 2772 2726 regulam
2834 2657 3019 2703 sanc-

916 2748 952 2777 “
994 2740 1239 2805 tissimi
1284 2740 1647 2817 Benedicti,
1693 2743 1893 2825 prout
1936 2739 2212 2806 Domini
2256 2738 2470 2826 pietas
2514 2740 2918 2817 concesserit,
2951 2742 3021 2805 et

915 2850 953 2878 “
996 2842 1138 2928 ipse
1181 2841 1538 2927 impetrare
1568 2840 1678 2908 vel
1722 2862 2098 2908 succurrere
2141 2841 2469 2929 dignetur,
2500 2846 2774 2909 servate.
2826 2879 2833 2882 ‡
2869 2839 3023 2908 Scio

917 2951 953 2979 “
996 2942 1174 3010 enim
1237 2943 1415 3029 quod
1477 2944 1757 3009 domnus
1827 2943 2193 3009 Germanus
2252 2949 2404 3029 post
2463 2943 2722 3011 obitum
2798 2964 3021 3010 meum

916 3052 951 3080 “
993 3044 1174 3113 hunc
1223 3044 1441 3111 locum
1504 3045 1797 3111 deserere
1841 3045 2147 3123 voluerit,
2193 3044 2436 3113 idcirco
2499 3045 2671 3113 dabo
2716 3045 2780 3112 ei
2841 3045 3019 3112 tanti

917 3154 953 3183 “
995 3147 1195 3234 pretii
1237 3147 1511 3224 lucrum,
1558 3168 1690 3232 quo
1734 3146 1958 3213 laetius
2001 3147 2298 3234 potuerit
2350 3169 2506 3228 esse,
2551 3147 2670 3213 ubi
2714 3147 3021 3214 voluerit.

997 3250 1074 3317 Si
1135 3251 1236 3316 ita
1279 3248 1647 3337 contigerit,
1712 3254 1783 3315 et
1826 3249 2016 3316 vobis
2082 3250 2439 3317 necessitas
2504 3250 2898 3338 compulerit
2941 3255 3022 3317 ut

916 3360 950 3389 “
995 3353 1305 3419 abbatem
1352 3352 1590 3438 eligere
1659 3350 1973 3431 debeatis,
2017 3372 2175 3438 rogo
2219 3351 2459 3417 humili
2504 3353 2878 3439 precatione
2940 3357 3022 3418 ut

994 3456 1213 3543 ipsum
1272 3475 1424 3522 cum
1468 3453 1816 3521 concordia
1876 3453 2056 3540 pacis
2101 3475 2188 3518 ex
2231 3459 2456 3521 vestra
2516 3456 3023 3542 congregatione

914 3564 949 3592 “
994 3556 1272 3644 eligatis,
1341 3555 1540 3623 sicuti
1606 3555 1863 3621 monita
1930 3555 2293 3622 decernunt
2363 3554 2593 3623 Sancti
2660 3557 3020 3624 Benedicti.

913 3666 951 3694 “
994 3659 1243 3725 Nostra
1280 3663 1506 3724 autem
1551 3656 1818 3725 dilectio
1846 3656 2020 3722 nihil
2063 3657 2252 3724 vobis
2297 3657 2578 3746 deneget
2608 3679 2757 3744 quae
2799 3680 3022 3726 neces-

917 3768 951 3796 “
994 3761 1170 3828 saria
1201 3765 1411 3839 sunt,
1481 3759 1801 3846 quamdiu
1869 3759 1944 3825 in
2009 3758 2211 3846 hujus
2274 3760 2509 3826 mundi
2584 3761 2806 3828 labore
2872 3782 3020 3850 per-

917 3870 951 3897 “
995 3883 1309 3941 mansero,
1375 3883 1524 3978 quae
1591 3861 1692 3929 ita
1734 3883 1854 3949 per
1896 3860 2027 3926 Dei
2090 3861 2377 3948 gratiam
2439 3883 2814 3930 succurrere
2876 3863 3022 3951 dig-

914 3971 952 4000 “
994 3970 1207 4043 netur,
1277 3969 1357 4029 ut
1418 3964 1493 4028 in
1536 3963 1683 4029 vita
1749 3968 1820 4029 et
1878 3967 2031 4050 post
2090 3967 2371 4030 mortem
2437 3964 2600 4029 satis
2664 3963 3021 4032 habeatisl'

916 4067 1132 4132 Multa
1176 4066 1283 4131 his
1347 4065 1593 4131 similia
1635 4064 1962 4132 allocutus
2007 4069 2110 4130 est
2175 4064 2508 4145 fratribus,
2555 4066 2674 4152 qui
2735 4067 2874 4133 suis
2916 4067 3022 4132 111-

913 4168 1112 4254 clytis
1175 4167 1491 4255 praecepit
1551 4166 1709 4231 filiis
1770 4170 1855 4231 ut
1915 4188 2171 4253 semper
2228 4166 2455 4233 fideles
2515 4174 2585 4234 et
2652 4168 3022 4235 defensores

912 4271 1277 4337 existerent
1320 4269 1601 4346 illorum,
1648 4268 1826 4355 quod
1870 4268 2001 4355 ipsi
2044 4268 2170 4334 sub
2203 4269 2639 4357 jurejurando
2667 4276 2825 4337 ante
2870 4292 3024 4337 eum

912 4371 1371 4459 promiserunt.
1462 4370 1614 4457 Ipse
1677 4369 1788 4436 hic
1862 4370 2099 4437 deinde
2167 4370 2461 4438 osculum
2527 4371 2707 4459 pacis
2781 4372 3025 4440 tribuit

911 4474 1183 4552 cunctis,
1230 4472 1524 4551 dicendo,
1597 4480 1631 4508 “
1652 4470 2016 4539 Benedicat
2073 4495 2191 4539 vos
2255 4472 2600 4543 Dominus
2665 4497 2744 4542 ew
2804 4472 3025 4552 Sion?

913 4583 950 4612 “
996 4574 1136 4659 Qua:
1188 4572 1354 4662 fecit
1414 4574 1656 4642 coebwm
1697 4580 1758 4641 et
1821 4574 2127 4642 tem-alm?
2220 4574 2502 4643 Secutus
2567 4581 2670 4642 est
2735 4576 3019 4642 eundem

969 4709 997 4757 ἰ
1038 4722 1495 4790 mutationem]
1599 4722 1916 4776 decantado-
2080 4725 2103 4758 ²
2116 4724 2259 4793 fias]
2298 4725 2448 4789 finos,
2470 4727 2588 4780 us.

915 4819 1053 4866 num,
1075 4801 1192 4855 Ms.
2080 4803 2104 4838 ⁸
2133 4822 2198 4856 aa:
2224 4804 2374 4873 Sion]
2416 4805 2585 4871 exion,
2607 4805 2723 4860 MS.
