3600 5800
1341 909 1660 958 Auo'ronss
1704 908 1895 956 Arzos
1906 908 2060 955 mo,
2619 894 2747 958 429

648 1095 1283 1182 praepotentissimus
1349 1096 1615 1182 accepit,
1688 1117 1770 1162 ex
1836 1117 1968 1181 qua.
2033 1095 2197 1161 duos
2264 1095 2503 1161 habuit
2562 1094 2750 1170 filios,

648 1219 930 1283 quorum
991 1217 1164 1261 unus
1228 1196 1552 1264 Eadwerd
1621 1203 1723 1263 est
1785 1198 2018 1275 dictus,
2066 1198 2235 1264 alter
2279 1219 2436 1263 vero
2496 1195 2750 1262 AEthel-

647 1298 860 1364 redus.

737 1400 1029 1467 Alfwold
1090 1405 1316 1467 autem
1375 1400 1578 1467 frater
1640 1400 2065 1467 AEthelwoldi
2135 1402 2453 1488 principis
2517 1399 2752 1466 Orien·
2778 1409 3019 1470 Αιϊποιᾱ,

647 1501 886 1567 talium
960 1503 1327 1589 Anglorum
1402 1507 1610 1569 tantae
1699 1504 2049 1589 potestatis
2138 1503 2535 1570 auctoritate
2608 1507 2753 1567 erat
2775 1478 3042 1603 {¹3¹3ka

648 1603 1059 1682 sublimatus,
1109 1609 1186 1669 ut
1230 1605 1369 1669 dux
1438 1603 1579 1669 fieri
1642 1603 2158 1691 dedignaretur;
2235 1626 2367 1691 quo
2435 1604 2750 1691 adempto
2775 1609 2836 1660 of
2852 1610 3032 1661 Esaex.

648 1725 732 1771 ex
778 1705 978 1793 hujus
1021 1706 1184 1772 vitae
1244 1706 1550 1793 periculo,
1597 1706 1987 1792 perductum
2034 1712 2136 1772 est
2195 1727 2431 1792 corpus
2476 1706 2621 1793 ejus
2664 1706 2751 1771 ad

646 1808 1020 1876 coenobium
1083 1809 1259 1894 quod
1320 1808 1565 1877 dicitur
1629 1808 2003 1895 Ramesege,
2073 1814 2141 1873 et
2208 1808 2498 1894 positum
2566 1828 2751 1873 mau-

648 1910 839 1977 soleo,

736 2012 1181 2078 AEthelwinus
1243 2012 1528 2096 denique
1596 2012 1804 2079 frater
1849 2012 2145 2098 ipsorum
2190 2012 2432 2078 tertius
2494 2033 2751 2099 magnae
2778 2030 3033 2080 Ethelwin

649 2113 923 2179 virtutis
966 2118 1113 2179 erat
1157 2112 1278 2190 vir,
1326 2113 1425 2178 ita
1489 2119 1566 2177 ut
1613 2113 1800 2179 ducis
1846 2113 2211 2199 possideret
2269 2115 2749 2192 auctoritatem,
2777 2098 2989 2213 ffigther

646 2221 716 2279 et
759 2215 1071 2281 honorem
1131 2213 1406 2280 haberet
1471 2214 1825 2300 potestatis
1885 2214 2151 2281 eximiae
2206 2234 2392 2281 cum·
2423 2216 2511 2281 ad
2579 2216 2752 2302 regis

647 2317 1067 2402 praesentiam
1134 2315 1409 2381 veniret.
1505 2315 1652 2382 Hoc
1717 2315 1983 2383 sublato
2044 2337 2083 2380 e
2149 2315 2408 2395 saeeulo,
2456 2316 2752 2384 delatum

649 2425 752 2485 est
812 2440 1048 2506 corpus
1114 2417 1257 2504 ejus
1308 2418 1395 2484 ad
1470 2418 1732 2504 praefati
1797 2418 1922 2485 loci
1998 2418 2428 2497 arcisterium,
2495 2440 2626 2505 quo
2686 2427 2756 2486 et

647 2521 979 2606 sepultum
1025 2527 1142 2598 est,
1188 2521 1401 2586 multa
1430 2521 1787 2597 commoda,
1837 2522 2011 2587 sicut
2041 2521 2246 2589 frater
2290 2523 2347 2607 ej
2356 2544 2448 2600 us,
2496 2543 2755 2589 monas-

648 2624 817 2690 terio
861 2621 1174 2690 tribuens.
1223 2663 1232 2670 -

739 2726 1083 2792 Remansit
1127 2729 1456 2812 superstes
1501 2724 1947 2792 AEthelwinus
1992 2748 2078 2794 ex
2122 2725 2271 2803 illis,
2305 2726 2387 2792 de
2432 2747 2563 2813 quo
2607 2726 2754 2813 plu·

648 2830 819 2896 rima
861 2828 1104 2897 dicturi
1164 2849 1410 2906 sumus,
1474 2828 1592 2914 qui
1642 2828 1957 2895 nobiliter
2002 2828 2245 2907 floruit,
2299 2828 2474 2897 sicut
2531 2830 2752 2896 caeteri

647 2932 900 3009 fratres,
934 2931 1052 2998 sed
1081 2931 1224 3016 ipse
1254 2952 1481 2997 omnes
1527 2932 1896 2998 excellebat
1924 2931 2451 3010 mansuetudine,
2484 2932 2752 3018 pietate,

646 3034 964 3113 bonitate,
1040 3039 1110 3099 et
1175 3033 1461 3119 justitia.
1585 3032 1884 3119 Digressi
1960 3055 2187 3099 sumus
2262 3034 2596 3120 paulisper
2667 3034 2755 3100 ab

647 3137 877 3201 ordine
950 3135 1369 3211 narrationis,
1437 3139 1711 3220 propter
1771 3135 2047 3221 genesin
2096 3136 2375 3200 istorum
2440 3136 2750 3215 militum,

646 3236 762 3302 sed
806 3238 1010 3302 etiam
1078 3241 1341 3321 tempus
1404 3256 1544 3299 esse
1590 3234 1958 3301 dinoscitur
2017 3239 2096 3299 ut
2162 3235 2249 3302 ad
2293 3236 2477 3303 viam
2540 3238 2751 3303 nostri

646 3337 961 3403 sermonis
1004 3335 1367 3401 redeamus,

736 3440 1053 3515 Antistes,
1099 3442 1481 3524 praeventus
1527 3436 2178 3523 omnipotentissima
2223 3436 2477 3504 Christi
2519 3438 2753 3525 gratia,
2777 3452 2889 3503 The
2905 3454 3089 3504 author

652 3540 831 3606 dixit
892 3540 979 3608 ad
1041 3539 1293 3616 ducem,
1365 3538 1482 3624 qui
1547 3538 1767 3606 adhuc
1832 3537 2055 3604 indole
2126 3545 2271 3607 erat
2335 3545 2405 3606 et
2481 3540 2751 3626 juvenis
2775 3527 3049 3637 ffimlntto

649 3649 867 3720 aetate,
932 3651 966 3677 “
989 3642 1240 3720 Habeo,
1302 3641 1505 3707 frater
1570 3642 1680 3720 mi,
1744 3662 1985 3728 paucos
2046 3648 2474 3729 congregatos
2518 3644 2752 3711 fratres
2776 3601 3037 3716 Oswffid's‘

649 3752 684 3780 ‘⁸
730 3746 844 3830 qui
919 3748 1309 3831 permanent
1383 3744 1455 3807 in
1531 3742 1844 3830 parochia
1911 3742 2078 3808 mihi
2154 3745 2516 3824 commissa,
2588 3768 2752 3832 quos
2773 3732 3037 3847 ”Elsshpffii‘ff

649 3855 684 3881 “
729 3846 973 3912 ibidem
1041 3846 1243 3911 timeo
1308 3843 1566 3913 habere.
1683 3844 1756 3910 Si
1821 3845 2213 3913 excellentia
2274 3852 2411 3913 tuse
2479 3868 2751 3915 venera-
2773 3863 2876 3913 and
2895 3863 2974 3912 his
3030 3833 3045 3857 '

646 3957 680 3982 ‘⁸
725 3948 1001 4015 rationis
1065 3947 1352 4032 aliquem
1423 3946 1698 4012 haberet
1772 3945 1992 4012 locum
2056 3967 2188 4032 quo
2263 3947 2433 4015 tales
2494 3970 2752 4034 possem
2775 3943 2985 3980 answer.

648 4058 682 4084 “
728 4048 1142 4125 constituere,
1189 4047 1428 4113 vellem
1474 4068 1594 4133 pro
1637 4047 1764 4117 hoc
1811 4046 1940 4112 tibi
1983 4068 2220 4114 aurum
2253 4047 2361 4114 vel
2404 4055 2754 4136 argentum

649 4159 682 4187 “
727 4173 848 4237 pro
909 4150 1203 4217 mercede
1265 4148 1503 4215 libenti
1547 4149 1771 4216 animo
1839 4149 2047 4216 ἀει-εἶ’
2136 4151 2245 4216 Ad
2291 4151 2436 4219 haec
2479 4151 2593 4218 ille
2653 4175 2754 4219 re-

646 4254 931 4341 spondit,
1012 4261 1043 4287 “
1068 4251 1247 4333 Quid
1320 4258 1423 4317 est
1497 4252 1674 4338 quod
1746 4251 2052 4338 loqueriS‚
2128 4252 2414 4319 affabilis
2496 4255 2754 4325 amice?

648 4365 684 4393 “
729 4355 871 4443 Ego
937 4375 1357 4441 nequaquam
1417 4353 1543 4422 hoc
1586 4353 1738 4421 volo
1807 4355 1986 4440 quod
2030 4353 2310 4441 flagitas,
2357 4357 2475 4423 sed
2534 4358 2755 4426 indico

647 4468 682 4495 ‘⁸
728 4465 864 4525 tuae
908 4457 1208 4546 gloriosae
1254 4476 1546 4542 personae
1591 4455 1769 4541 quod
1813 4455 2024 4522 habeo
2067 4457 2231 4524 satis
2273 4464 2508 4546 aptum
2536 4458 2755 4528 locum

649 4570 683 4596 “
730 4562 816 4627 ad
882 4558 1008 4629 hoc
1050 4581 1233 4647 opus,
1298 4578 1430 4645 quo
1498 4562 1657 4624 sunt
1708 4557 1910 4644 positi
1978 4564 2113 4625 tres
2157 4559 2288 4625 viri
2334 4560 2450 4646 qui
2517 4560 2755 4629 libenti

649 4671 683 4699 “
728 4663 951 4732 animo
1025 4662 1402 4732 desiderant
1468 4659 1793 4746 suscipere
1858 4661 2202 4731 monastici
2270 4662 2575 4732 habitum
2652 4686 2751 4731 re-
