3600 5800
838 867 973 930 480
1710 883 2086 933 APPENDIX.

834 1066 1031 1147 fudit,
1063 1073 1133 1134 et
1160 1090 1441 1155 puerum
1470 1090 1513 1135 a
1540 1075 1752 1136 morte
1790 1070 2228 1136 resuscitavit.
2318 1069 2533 1150 Quem
2577 1069 2952 1135 redivivum

834 1177 899 1232 in
949 1176 1182 1234 Christo
1228 1198 1335 1251 per
1381 1197 1590 1236 manus
1637 1180 2073 1252 impositionem
2122 1171 2555 1250 confirmavit,
2601 1176 2672 1237 et
2714 1193 2950 1237 sanum

834 1271 1035 1336 matri
1077 1272 1397 1358 gaudenti
1446 1277 1517 1338 et
1559 1274 1811 1361 gratias
1855 1273 2081 1359 agenti
2124 1273 2437 1339 restituit.

1483 1463 1902 1531 Garri-own
1952 1464 2323 1546 Quarum,

923 1609 1045 1675 Vir
1090 1609 1220 1676 Dei
1251 1610 1501 1676 Beatus
1547 1608 1897 1677 wilfridus
1930 1620 2169 1692 optimis
2205 1638 2242 1676 a
2274 1638 2458 1693 puero
2480 1620 2743 1676 moribus
2779 1619 2948 1676 insti·

832 1716 1014 1778 tutus,
1059 1711 1240 1777 nulla,
1293 1712 1483 1783 quoad
1516 1712 1684 1778 vixit,
1735 1712 1959 1769 eisdem
2009 1715 2202 1786 potuit
2250 1715 2477 1771 ratione
2531 1715 2758 1772 abduci.
2849 1715 2946 1770 In-

492 1794 755 1877 Ειιίιιιθιζἠ
829 1795 1263 1852 commutabilis
1303 1795 1558 1866 justitiae
1606 1794 1822 1861 cultor,
1859 1813 1970 1852 nec
2022 1799 2226 1855 favore
2272 1798 2521 1864 remitti,
2560 1815 2673 1853 nec
2720 1796 2948 1854 detrac-

493 1877 607 1929 ΜΡ·
629 1880 776 1918 ¹¹¹ss-
830 1878 1120 1933 tractione
1168 1876 1398 1944 deduci,
1435 1894 1547 1933 nec
1592 1877 1870 1934 laudibus
1913 1877 2124 1952 decipi,
2169 1898 2280 1936 nec
2314 1880 2840 1952 vituperationibus
2886 1881 2952 1935 in

829 1970 1023 2025 zelum
1046 1976 1275 2041 poterat
1299 1970 1672 2027 commoveri.
1777 1962 2039 2028 Pemox
2083 1971 2315 2027 Divinis
2338 1971 2611 2028 insistens
2636 1971 2947 2043 obsequiis,

496 2066 751 2119 wilfi-id’s
830 2079 1040 2134 eorpus
1089 2080 1286 2127 suum,
1331 2062 1490 2134 quod
1537 2063 1612 2119 ab
1654 2063 1817 2119 omni
1853 2064 2202 2136 contagione
2251 2082 2323 2121 ex
2357 2070 2531 2120 utero
2570 2065 2780 2120 matris
2828 2081 2949 2120 suae

493 2133 760 2213 emt&
830 2145 1115 2201 mundum
1150 2145 1527 2213 custodierat,
1552 2156 1676 2202 tam
1711 2146 1936 2218 vigiliis
1973 2164 2152 2218 quam
2192 2147 2516 2219 frigoribus
2554 2148 2706 2203 mire
2742 2147 2949 2203 afficie-

492 2201 598 2250 ⁸¹²d
615 2208 808 2254 mam·
831 2227 952 2295 bat,
992 2228 1241 2301 singulis
1282 2228 1433 2284 illud
1479 2229 1752 2285 noctibus
1786 2247 1941 2301 aqua
1988 2230 2207 2300 frigida
2239 2231 2493 2300 tingens,
2529 2247 2636 2286 nec
2673 2231 2837 2302 prius
2873 2230 2947 2286 ab

828 2312 940 2369 hac
998 2312 1416 2369 consuetudine
1477 2330 1726 2378 cessans,
1780 2331 1958 2384 quam
2020 2313 2059 2369 J
2060 2314 2316 2370 ohannes
2372 2312 2729 2385 Apostolicae
2789 2313 2948 2369 sedis

830 2399 1076 2456 antistes
1125 2417 1263 2455 enm
1316 2417 1422 2472 pro
1476 2398 1667 2456 aetatis
1729 2418 1854 2456 suae
1902 2400 2196 2472 gravitate
2247 2401 2385 2457 huic
2434 2400 2730 2472 proposito
2766 2400 2944 2456 finem

821 2482 1060 2555 juberet
1093 2482 1412 2555 imponere.
1485 2484 1620 2539 Non
1655 2484 1814 2538 hunc
1850 2482 2026 2539 ardor
2063 2484 2308 2549 aestatis,
2333 2501 2455 2539 non
2489 2484 2679 2555 frigus
2713 2484 2943 2555 hyemis

832 2566 906 2622 ab
943 2567 1229 2622 instantia
1263 2567 1446 2637 coepti
1488 2566 1682 2637 operis
1721 2567 1835 2621 Dei
1870 2566 2224 2639 detorquere
2260 2567 2555 2623 valebant.
2652 2567 2948 2623 Praeterea

830 2667 1301 2721 quaquaversum
1338 2649 1533 2719 gratia
1568 2649 1933 2721 praedicandi
1970 2650 2225 2721 gratiam
2262 2651 2375 2705 Dei
2411 2668 2680 2721 pergens,
2707 2658 2943 2722 paratus

829 2737 958 2787 erat
1003 2748 1110 2802 pro
1147 2731 1274 2803 ipsa
1309 2748 1485 2801 quam
1532 2731 1890 2802 praedicabat
1935 2732 2183 2787 veritate
2219 2731 2404 2786 vitam
2448 2732 2606 2798 dare,
2631 2734 2683 2788 si
2718 2734 2944 2790 occasio

829 2822 1163 2885 competens
1199 2812 1524 2878 offerretur,
1564 2829 1694 2883 quae
1743 2813 1807 2866 id
1842 2813 1972 2868 fleri
2020 2813 2361 2884 postularet.
2462 2814 2526 2869 Si
2564 2816 2799 2884 quando
2835 2816 2940 2871 ali·

831 2896 975 2968 quid
1022 2894 1364 2951 deliciarum
1420 2896 1626 2966 quovis
1673 2901 1906 2963 eventu,
1951 2901 2012 2951 et
2046 2895 2158 2952 hoo
2195 2914 2425 2951 summa
2472 2915 2607 2953 cum
2656 2899 2943 2970 parcitate

827 2980 893 3035 in
950 2996 1142 3035 escam
1199 2978 1487 3043 sumebat,
1550 2978 1808 3051 idipsum
1868 2979 1933 3033 in
1984 2996 2047 3034 se
2093 2977 2464 3050 postmodum
2523 2981 2691 3049 gravi
2739 2979 2941 3036 inedia

827 3070 1178 3127 vindicabat.
1271 3068 1402 3125 Hoc
1452 3068 1700 3125 subditis
1749 3069 1863 3125 sibi
1914 3069 2244 3142 exemplum
2297 3082 2435 3126 suae
2484 3068 2940 3124 conversationis

828 3159 1072 3227 indixit3
1113 3150 1240 3216 hoc
1280 3157 1512 3214 eosdem
1551 3158 1614 3213 in
1651 3163 1873 3214 arctam
1909 3157 2279 3214 conscientian
2313 3157 2472 3213 viam
2506 3154 2777 3223 induxit;
2814 3147 2942 3214 hoo

826 3270 1056 3326 quoque
1094 3252 1310 3308 multos
1345 3267 1382 3305 a
1415 3268 1521 3306 suo
1558 3267 1750 3306 errore
1786 3266 2091 3306 conversos
2116 3248 2192 3305 ad
2224 3249 2478 3319 gratiam
2502 3247 2720 3304 Christi
2755 3248 2940 3305 duxit.

825 3338 996 3395 Unde
1044 3335 1465 3409 quamplurimi
1518 3335 1809 3390 nobilium
1859 3335 2111 3400 incitati,
2160 3333 2311 3390 filios
2361 3351 2497 3391 suos
2544 3333 2658 3388 Dei
2708 3333 2943 3390 servitio

824 3431 1240 3503 mancipandos
1274 3430 1403 3485 viro
1428 3428 1757 3495 tradebant,
1801 3431 2105 3496 mirantes,
2144 3424 2215 3484 et
2256 3426 2525 3483 mirando
2571 3425 2696 3497 ejus
2730 3426 2943 3483 merita

826 3522 1025 3594 dignis
1060 3521 1331 3578 laudibus
1368 3519 1770 3592 approbantes,
1807 3524 1982 3592 atque
2019 3536 2154 3575 suos
2190 3521 2374 3591 ipsius
2409 3519 2714 3593 probitatis
2750 3520 2942 3576 imita·

824 3611 981 3662 tores
1015 3604 1142 3662 fieri
1178 3604 1369 3661 modis
1403 3603 1675 3660 omnibus
1710 3608 2064 3676 exoptantes.

1450 3782 1870 3851 Gummi
1919 3782 2276 3864 Qum-run.

914 3915 1180 3984 Interea
1232 3926 1298 3982 in
1344 3925 1844 3997 Haugustaldensi
1879 3925 2093 3998 oppido
2134 3926 2420 3998 templum
2466 3924 2723 3982 mirabili
2769 3943 2941 3998 opere

484 4020 645 4098 Idem,
668 4036 778 4088 cap.
825 4014 998 4083 fecit;
1038 4016 1190 4088 quod
1227 4016 1351 4087 ipse
1374 4016 1438 4070 in
1463 4015 1742 4071 honorem
1767 4014 1936 4070 Beati
1959 4014 2211 4070 Andreae
2236 4014 2509 4086 Apostoli
2532 4005 2675 4072 Deo
2700 4013 2933 4078 dicavit,

485 4102 629 4139 mv·
828 4095 904 4150 ad
935 4096 1126 4152 vicem
1159 4095 1432 4150 videlicet
1464 4093 1732 4150 beneficii
1765 4093 2214 4165 rependendam,
2254 4093 2409 4164 quod
2445 4094 2599 4150 idem
2624 4093 2939 4166 Apostolus

487 4177 603 4227 The
625 4176 776 4230 mira·
822 4178 1172 4251 jamdudum
1220 4178 1278 4234 ei
1313 4177 1687 4250 impenderat.
1764 4179 1840 4233 In
1892 4178 2057 4250 cujus
2092 4177 2300 4249 templi
2351 4178 2782 4234 constructione
2816 4193 2937 4231 non

486 4244 566 4292 ⁰¹⁰
587 4249 642 4292 “t
826 4261 1017 4318 defuit
1038 4260 1264 4317 invidia
1298 4260 1587 4316 mortiferi
1608 4260 1908 4332 serpentis.
1982 4260 2137 4315 Nam
2162 4261 2304 4315 dum
2327 4260 2684 4317 caementarii
2717 4259 2940 4315 liniunt

487 4309 751 4363 Heth'
825 4345 1123 4418 superiora
1155 4344 1414 4417 parietis,
1440 4342 1843 4416 praecipitante
1865 4342 2036 4398 illum
2060 4342 2386 4399 adversario
2422 4343 2665 4399 humani
2688 4343 2934 4415 generis,

823 4448 976 4486 unus
1025 4446 1225 4485 eorum
1278 4428 1342 4482 in
1378 4444 1634 4499 praeoeps
1687 4426 1922 4491 corruit,
1979 4431 2039 4481 et
2088 4426 2172 4481 sic
2220 4432 2287 4482 ut
2340 4427 2609 4483 contritis
2664 4426 2933 4481 omnibus

824 4513 1099 4571 membris
1132 4513 1256 4583 jam
1292 4511 1533 4581 defungi
1568 4515 1887 4582 putaretur.
1963 4509 2076 4583 Qui
2112 4527 2246 4565 cum
2280 4511 2442 4567 velut
2474 4511 2539 4565 in
2574 4510 2938 4567 exhalatione

823 4597 917 4654 sui
965 4596 1205 4669 spiritus
1256 4595 1565 4660 laboraret,
1624 4598 1977 4649 concurrunt
2026 4610 2226 4649 omnes
2278 4598 2482 4666 utpote
2538 4594 2614 4649 ad
2665 4592 2937 4664 exequias

822 4681 1043 4737 funeris
1078 4680 1219 4752 ejus.
1291 4678 1406 4735 Vir
1440 4683 1635 4734 autem
1659 4676 1901 4733 Domini
1923 4676 2249 4743 wilfridus,
2288 4696 2421 4734 cum
2457 4695 2695 4751 corpore
2729 4677 2939 4733 absens

820 4762 1135 4835 praesentia
1192 4760 1435 4833 spiritus
1491 4765 1699 4816 cuncta
1752 4759 2098 4826 dinosceret,
2158 4778 2296 4817 mox
2348 4778 2471 4818 sese
2530 4761 2596 4817 in
2647 4761 2936 4833 lacrymas
