3600 5800
1329 898 1379 946 s,
1426 897 1774 947 sommus
1822 896 2142 945 Emsoom.
2657 878 2789 948 347

680 1091 907 1155 domos
968 1110 1136 1167 suas,
1203 1090 1360 1156 lieet
1422 1091 1584 1155 satis
1628 1090 1884 1156 vicinas
1948 1090 2247 1167 eeclesiae,
2313 1089 2750 1174 pervenerant
2775 1106 2791 1161 ;
2813 1101 2983 1154 when
3005 1072 3154 1168 they*

681 1196 750 1255 et
795 1196 976 1257 ecoe!
1037 1196 1181 1257 tota
1248 1192 1448 1257 turris
1511 1192 1914 1257 fundotenus
1981 1192 2281 1277 collapsa,
2328 1193 2548 1276 paxtes
2607 1185 2789 1271 adja-
2813 1171 3092 1298 mgfffie

588 1350 593 1359 .
680 1297 901 1359 centes
976 1314 1196 1359 seeum
1262 1292 1535 1359 trahens
1599 1294 1687 1358 ad
1749 1315 1992 1371 casum,
2068 1293 2528 1358 vehementem
2606 1287 2793 1352 dedit
2815 1311 2970 1354 tower
2989 1302 3124 1353 faus.

682 1394 1025 1481 fragorem,
1086 1395 1159 1459 'm
1217 1395 1489 1460 auribus
1548 1394 1859 1460 humanis
1917 1395 2334 1461 horrendum.
2427 1393 2793 1457 Advertere
2818 1394 3022 1472 Their,

686 1496 843 1561 lieet
884 1496 959 1560 in
1001 1495 1126 1561 hoe
1170 1501 1415 1562 eventu
1461 1517 1661 1582 quam
1720 1498 2113 1563 admiranda
2154 1496 2357 1561 fuerit
2400 1494 2620 1580 gratia
2650 1492 2793 1557 Sal-
2819 1460 3053 1577 Ξζξίξζθῖἷ
3065 1530 3119 1575 to

685 1598 948 1675 vatoris‚
1012 1602 1279 1683 quantae
1347 1598 1548 1663 fuerit
1608 1598 1908 1665 effieaeiae
1976 1599 2192 1667 virtus
2253 1595 2466 1662 saneti
2526 1593 2795 1661 Confes-
2820 1594 2905 1643 the
2928 1608 3102 1656 morey

687 1698 865 1764 soris,
959 1692 1371 1784 Disponente
1430 1721 1715 1785 namque
1774 1700 2079 1777 Domino,
2125 1703 2344 1784 partes
2397 1716 2549 1762 suas
2593 1696 2797 1761 inter-
2821 1658 3135 1788 ffififfilpag?

688 1806 976 1886 ponente
1008 1800 1269 1879 Sancto,
1302 1802 1471 1865 turri
1516 1801 1792 1867 ruiturae
1824 1802 2163 1887 provisum
2195 1804 2296 1865 est
2338 1798 2508 1863 fflud
2538 1803 2800 1883 tempus
2827 1791 2904 1842 st.
2926 1790 3088 1842 John.

688 1903 915 1979 ruinae,
986 1924 1117 1987 quo
1186 1903 1399 1968 turbae
1467 1902 1685 1969 laicali
1753 1903 1935 1968 laesio
2003 1902 2190 1968 nulla
2263 1905 2484 1988 posset
2549 1899 2798 1964 inferri.

694 2003 864 2069 Cum
910 2003 1232 2068 ministris
1261 2003 1547 2069 eeclesiae
1592 2004 1771 2071 faeta
1797 2009 1902 2070 est
1945 2004 2335 2070 admiranda
2379 2001 2799 2088 dispensati0‚

691 2127 842 2172 eum
889 2110 958 2169 et
1001 2110 1241 2191 praeter
1286 2126 1532 2172 morem
1576 2112 1958 2173 consuetam
2001 2107 2231 2197 horam
2277 2105 2590 2192 surgendi
2633 2125 2802 2189 prae-

693 2205 1016 2284 venirent‚
1049 2211 1118 2272 et
1147 2207 1507 2293 bipartitus
1552 2208 1850 2295 lapidum
1894 2229 2100 2285 casus,
2146 2212 2558 2294 praeconatus
2587 2208 2802 2273 vicem

695 2329 945 2394 gerens,
1010 2309 1105 2373 eis
1168 2310 1601 2401 persuasisset
1661 2317 1741 2375 ut
1807 2310 1939 2376 alio
2005 2332 2072 2376 se
2118 2310 2565 2376 transferrent.
2688 2309 2802 2373 In-

686 2410 958 2476 ·dultum
1003 2416 1147 2475 erat
1186 2404 1391 2477 etiam
1436 2412 1613 2499 ipsis,
1663 2413 1780 2498 qui
1835 2414 2013 2478 intra
2057 2418 2246 2498 septa
2290 2412 2575 2477 ecelesiae
2618 2432 2803 2476 reeu-

694 2513 997 2589 buerunt,
1044 2513 1528 2592 matriculariis,
1575 2515 1754 2592 dum,
1786 2520 1867 2580 ut
1897 2510 2296 2580 ”amoverent
2340 2513 2625 2579 thoralia
2667 2535 2804 2591 sua,

696 2613 1128 2680 transferrent
1187 2616 1532 2696 stratoria3
1596 2616 1690 2681 eis
1750 2616 1939 2682 nulla
1990 2618 2398 2703 ingereretur
2440 2616 2622 2681 laesio
2667 2636 2804 2681 eor-

698 2716 953 2802 poralis
1045 2715 1453 2783 Deventum·
1491 2723 1633 2783 erat
1695 2719 1903 2805 igitur
1937 2707 2197 2797 adhue,
2253 2722 2340 2782 'ut
2423 2716 2806 2784 orientalem
2832 2731 2946 2780 The
2969 2735 3101 2781 east-

697 2823 953 2905 partem
1015 2818 1341 2885 navieuiae
1405 2820 1613 2907 ipsius
1675 2820 1964 2887 eoelesiae
2009 2821 2082 2885 in
2146 2819 2416 2885 chorum
2478 2825 2809 2907 oporteret
2832 2804 3145 2928 {ffffihe

696 2921 1187 2999 accomodari,
1257 2923 1464 2989 altare
1532 2945 1690 2989 vero
1755 2945 1958 3009 supra
2024 2923 2326 2990 tumbam
2393 2924 2575 3011 erigi,
2644 2925 2807 2990 fere·
2832 2946 2962 2981 nave
2983 2931 3028 2980 is

698 3027 1006 3108 trumque
1049 3023 1229 3088 ultra
1273 3024 1565 3088 medium
1618 3025 1869 3090 tumbae
1916 3025 2161 3090 directe
2206 3026 2521 3096 collocari.
2616 3026 2809 3107 Quod
2832 2998 3016 3114 {3:¹1²ae
3037 3061 3147 3113 into

699 3146 850 3189 eum
894 3125 1145 3190 factum
1191 3132 1378 3204 esset,
1422 3128 1584 3192 satis
1615 3126 1859 3193 efficaci
1907 3129 2285 3212 conjectura
2328 3128 2808 3214 deprehensum
2833 3145 2866 3180 a
2887 3130 3046 3179 chost-

701 3231 817 3303 est,
880 3226 1057 3310 quod
1115 3225 1342 3290 lumen
1402 3227 1487 3290 ad
1547 3228 1850 3292 tumbam
1896 3228 2245 3294 dicendum
2301 3235 2403 3293 est
2461 3230 2807 3315 aperuisse,

586 3339 595 3348 '
703 3333 771 3392 et
834 3348 986 3391 eum
1030 3328 1440 3412 portendisse
1504 3330 1621 3413 qui
1683 3328 1951 3393 futurus
2015 3334 2158 3393 erat
2203 3334 2567 3409 eventum;
2636 3330 2809 3416 quod

702 3428 950 3495 scilieet
994 3449 1228 3515 eorpus
1258 3429 1470 3496 sancti
1517 3428 1923 3495 Confessoris
1953 3431 2039 3496 ad
2083 3430 2298 3496 locum
2343 3431 2535 3495 iUum
2579 3430 2812 3507 fuisset

703 3531 1133 3610 referendum,
1178 3552 1221 3597 a
1265 3552 1395 3617 quo
1455 3532 1674 3598 fuerat
1717 3538 1876 3598 ante
1921 3533 2334 3598 translatum.
2426 3533 2553 3599 Per
2610 3533 2811 3620 hujus

706 3634 914 3720 igitur
957 3632 1169 3699 saneti
1216 3631 1618 3700 Oonfessoris
1662 3635 1916 3712 merita,
1949 3635 2217 3701 decurso
2262 3635 2605 3721 praesentis
2650 3636 2813 3701 vitae

708 3734 941 3813 stadiO,
1005 3735 1198 3801 nobis
1258 3741 1595 3801 annuatur
1653 3736 1964 3802 bravium
1985 3763 2008 3780 ·-
2026 3758 2541 3823 permansurum,
2588 3738 2674 3802 ab
2718 3738 2816 3802 Eo

712 3838 846 3917 Qui
890 3837 1184 4004 vigiltlet
1243 3844 1483 3925 regnat
1534 3838 1719 3904 Deus
1777 3860 1897 3926 per
1940 3839 2208 3904 infinita
2267 3839 2506 3906 saeeula
2550 3839 2816 3905 saeeulo-

704 3962 869 4006 rum.
1091 3961 1189 4006 en.
