3600 5800
1266 925 1612 976 nomsm
1656 886 2138 978 nsonAcENffls
2622 913 2753 982 389

636 1110 671 1138 “
718 1105 808 1173 Et
852 1107 1115 1195 culpam
1160 1108 1396 1175 erubui
1441 1110 1678 1176 vivens
1695 1108 1721 1148 ¹
1766 1109 1840 1175 in
1886 1130 2081 1176 carne
2126 1108 2338 1176 fateri.
2570 1108 2741 1174 1345

631 1213 668 1240 “
711 1207 913 1277 Nunc
956 1209 1200 1277 idcirco
1243 1209 1367 1277 feri
1413 1210 1596 1277 duris
1642 1210 2015 1278 incursibus
2057 1211 2279 1278 hostes

631 1315 668 1343 “
711 1308 839 1375 Per
880 1311 1162 1399 triginta
1205 1312 1346 1379 dies
1390 1335 1602 1379 meme
1647 1319 1953 1399 torquere
1999 1317 2408 1400 sequuntur3

633 1416 668 1444 ‘⁶
713 1410 857 1478 Nec
899 1418 1168 1499 captata
1210 1413 1326 1493 fui,
1374 1415 1489 1481 sed
1534 1437 1656 1482 nec
1700 1436 1929 1482 secura
1970 1414 2311 1481 remansi.''

632 1511 820 1581 Tunc
863 1517 1155 1583 terrebat
1199 1538 1353 1584 eum
1397 1519 1690 1585 clamans
1734 1540 1820 1583 ex
1865 1518 2169 1584 hostibus
2213 1538 2421 1583 unus:
2691 1554 2700 1563 -

634 1623 670 1651 “
714 1616 872 1683 Non
914 1617 1113 1686 hodie
1158 1619 1449 1706 effligies,
1495 1642 1616 1687 nec
1660 1621 1717 1686 si
1763 1620 2049 1686 tenearis
2094 1620 2168 1684 in
2212 1618 2390 1684 ulnis
2571 1620 2746 1684 1350

633 1725 668 1752 “
712 1717 912 1798 Petri,
960 1721 1077 1791 sed
1123 1721 1394 1788 meritas
1438 1722 1727 1808 patieriS,
1774 1722 2069 1808 pessime,
2113 1717 2398 1807 poenas.'’

634 1818 921 1888 Sanctus
963 1829 1038 1889 at
1083 1823 1368 1891 irascens
1412 1822 1595 1890 Petri
1643 1824 1943 1891 convicia
1985 1827 2291 1910 propter‚³

631 1923 797 1991 Haec
841 1924 974 1990 ait:
1022 1932 1056 1961 “
1086 1926 1251 1993 Ecce
1296 1926 1513 1992 minor
1555 1926 1811 1992 meritis
1856 1948 2005 1992 sum
2049 1924 2297 1992 centies
2341 1922 2459 1989 illo

632 2030 668 2061 “
711 2025 1016 2113 Principe
1061 2026 1480 2113 Apostolico;
1524 2027 1641 2093 sed
1686 2028 1767 2094 de
1813 2027 2064 2114 pietate
2109 2022 2433 2091 Tonantis

632 2134 668 2162 “
712 2126 1069 2194 Confiden's
1115 2129 1262 2201 dico
1311 2130 1452 2209 tibi,
1499 2135 1660 2195 trux
1704 2136 1775 2197 et
1819 2150 1994 2195 saeve
2038 2134 2339 2215 tyranne,
2567 2128 2739 2193 1355

631 2236 667 2265 ‘⁴
712 2229 870 2296 Non
913 2230 1111 2298 hodie
1159 2232 1455 2319 portabis
1501 2254 1654 2298 eum
1700 2233 1825 2299 sub
1871 2238 2126 2299 tartara
2168 2229 2444 2298 tecum.’'

632 2333 820 2401 Tunc
863 2335 1016 2422 pius
1061 2336 1476 2405 interventor
1518 2337 1724 2404 humo
1769 2337 2226 2425 prosternitur,
2273 2341 2474 2422 atque

633 2435 805 2503 Cum
851 2437 1139 2505 lacrimis
1182 2439 1471 2507 Domino
1515 2462 1635 2528 pro
1679 2440 1878 2527 culpa
1921 2439 2253 2527 supplicat
2295 2438 2426 2505 illa.

632 2536 776 2604 Nec
820 2540 1010 2625 prius
1054 2540 1167 2608 ille
1210 2563 1433 2629 preces
1479 2541 1743 2608 desistit
1786 2542 2064 2607 fundere
2110 2561 2342 2619 sacras,

634 2638 851 2719 Quam
895 2643 1178 2729 propriis
1222 2643 1516 2710 animam
1560 2643 1717 2710 ferri
1760 2644 2040 2709 vidisset
2082 2642 2304 2709 ocellis
2573 2644 2748 2709 1360

631 2741 857 2809 Altius
901 2745 1234 2832 angelicas
1279 2745 1427 2813 caeli
1473 2769 1672 2834 super
1714 2752 1896 2813 astra
1938 2767 2057 2833 per
2101 2745 2308 2810 ulnas.

719 2843 851 2912 Par
894 2868 1153 2934 quoque
1191 2846 1334 2934 jam
1382 2849 1593 2915 veteri
1638 2848 2033 2936 signumque
2078 2846 2403 2934 aequabile
2449 2846 2640 2935 signo

632 2948 779 3015 Hoc
823 2948 907 3015 de
951 2956 1140 3036 patre
1186 2951 1298 3038 pio
1341 2952 1551 3038 gessit
1594 2951 1948 3019 clementia
1993 2949 2263 3017 Christi.

632 3051 810 3116 Nam
854 3051 1045 3118 velut
1087 3074 1421 3139 aequoreas
1464 3052 1701 3120 Petrus
1746 3053 2114 3120 calcaverat
2158 3053 2387 3131 undas,

633 3152 746 3219 Sic
790 3153 948 3220 huic
993 3155 1224 3220 evenit
1244 3178 1260 3234 3
1304 3155 1613 3240 gradiens
1656 3176 1815 3220 nam
1841 3159 2156 3239 ⁴tempore
2202 3154 2488 3240 quodam
2569 3158 2739 3223 1365

632 3253 847 3340 Rupis
892 3255 966 3319 in
1011 3256 1284 3321 excelsae
1329 3261 1664 3341 praerupto
1708 3255 2024 3341 margine,
2071 3276 2227 3320 casu

634 3354 937 3442 Contigit
981 3362 1061 3421 ut
1106 3356 1404 3424 caderet:
1451 3356 1566 3421 sed
1612 3356 1925 3422 fluctibus
1971 3355 2082 3421 ille
2128 3356 2401 3421 marinis
2769 3363 2983 3415 Balthet

635 3456 980 3535 Suffultus‚
1024 3456 1328 3545 graditur
1371 3456 1556 3522 siccis
1601 3478 1799 3543 super
1843 3477 2113 3542 aequora
2157 3456 2422 3542 plantiS,
2769 3430 3083 3549 ffssssff⁰

634 3560 725 3625 Et
769 3580 887 3626 ceu
931 3581 1080 3626 rara
1124 3558 1246 3625 soli
1290 3565 1630 3645 premeret,
1677 3560 1773 3626 sic
1815 3559 2118 3626 ambulat
2161 3559 2356 3625 undis

634 3661 682 3726 J
681 3683 808 3739 am,
852 3661 983 3726 nisi
1027 3661 1206 3747 quod
1250 3659 1465 3727 levius
1482 3659 1507 3699 ²
1552 3666 1925 3748 susceperat
1969 3661 2152 3727 unda
2194 3667 2513 3741 ruentem,
2571 3663 2745 3734 1370

637 3763 853 3843 Quam
897 3762 956 3827 si
1002 3762 1168 3828 dura
1212 3762 1430 3827 virum
1476 3764 1881 3849 accepissent
1922 3783 2086 3829 arva
2130 3763 2489 3831 cadentem.

635 3866 816 3933 Dum
861 3866 1014 3944 ruit,
1062 3865 1244 3931 unda
1289 3865 1455 3944 fluit,
1503 3887 1690 3933 casus
1734 3887 1818 3931 ne
1864 3866 2134 3940 laederet
2176 3865 2384 3933 illum.

636 3966 981 4033 Gressibus
1025 3987 1187 4033 arva
1230 3972 1518 4045 manent,
1564 3967 1756 4031 illum
1800 3988 1885 4032 ne
1929 3973 2255 4054 mergeret
2297 3989 2536 4055 aequor.

634 4068 957 4135 Ambulat
1002 4089 1156 4155 ergo
1200 4068 1373 4135 freto
1416 4068 1643 4146 solide,
1689 4089 1814 4135 ceu
1862 4069 2126 4136 tramite
2173 4074 2383 4148 terrae,

634 4171 861 4238 Donec
904 4170 991 4236 ad
1036 4169 1441 4257 undivagam
1485 4175 1877 4256 pervenerat
1920 4170 2062 4256 ipse
2107 4172 2415 4250 carinam,
2570 4171 2739 4242 1375

638 4275 855 4355 Quam
899 4293 1057 4338 mox
1099 4272 1448 4339 adscendit
1496 4294 1725 4338 securo
1771 4272 1936 4338 calle
1983 4272 2329 4359 pedester;

636 4377 793 4442 Non
839 4376 912 4440 in
956 4380 1141 4440 veste
1186 4375 1420 4461 liquor,
1466 4396 1602 4440 non
1649 4375 1851 4442 soccis
1893 4375 2178 4441 haeserat
2220 4376 2475 4442 humor.

637 4478 832 4560 Quod
874 4482 1119 4543 natura
1160 4482 1377 4564 negat,
1424 4476 1549 4543 hoc
1595 4477 1712 4542 dat
1755 4475 1901 4541 Tua
1945 4476 2235 4555 dextera,
2282 4476 2562 4556 Christe,

635 4581 838 4648 Unda
883 4579 1028 4645 Tuo
1066 4579 1259 4665 jussu
1305 4578 1525 4666 pelagi
1570 4578 1651 4644 fit
1697 4578 1929 4665 pervia
1963 4577 2183 4663 justis,

701 4807 719 4842 ¹
756 4808 952 4875 vineo-s]
978 4806 1202 4872 juvenis,
1225 4804 1493 4858 Mabillon.
1689 4806 1700 4872 Ι
1813 4803 1834 4837 ²
1870 4802 2054 4877 laius]
2083 4804 2265 4869 lenius,
2291 4804 2555 4876 Mabillon.
