3600 5800
492 1462 546 1514 S.

571 1461 716 1513 Luke

486 1527 613 1578 xxii.
637 1532 719 1580 35.

488 1604 601 1655 The
622 1605 723 1658 evil

486 1671 749 1724 condition

485 1739 547 1788 of
561 1740 647 1789 the

486 1806 691 1856 monks.

487 1980 624 2031 Psal.
649 1980 782 2032 cxlv.

491 3406 721 3459 Alfwold

485 3488 701 3538 opposes

488 3542 576 3590 the
598 3557 765 3604 perse-

490 3606 680 3661 cution.

828 855 964 919 444
1461 869 1627 919 vrrA
1672 869 1917 920 salven
1962 869 2287 932 oswium,

826 1057 1131 1124 solebant
1171 1059 1359 1144 equis
1421 1058 1717 1125 insedere
1780 1055 2092 1136 faleratis
2143 1063 2213 1125 et
2272 1079 2423 1125 cum
2484 1052 2676 1126 sociis
2724 1060 2940 1126 conci-

823 1178 977 1223 nere
1047 1158 1440 1225 mellifluum
1506 1181 1768 1226 carmen
1836 1159 2137 1226 Davitici
2198 1159 2389 1247 regis,
2443 1165 2608 1227 tunc
2674 1183 2937 1227 cernere

822 1282 1042 1346 posses
1088 1261 1412 1327 sarcinam
1457 1261 1616 1348 pati,
1662 1282 1799 1327 non
1845 1265 2086 1342 vectos,
2130 1266 2212 1327 ut
2264 1262 2519 1348 priscus
2565 1263 2940 1349 patriarcha

824 1361 1128 1428 vehiculo
1174 1363 1246 1427 in
1293 1363 1653 1450 Egyptum‚
1700 1364 1810 1429 vel
1870 1385 2021 1430 cum
2082 1363 2274 1430 sociis
2335 1369 2455 1429 aut
2515 1385 2665 1430 cum
2710 1365 2939 1432 amicis

823 1464 1253 1544 ambulantes,
1300 1464 1449 1531 32⁰er
1492 1465 1769 1544 sacculo,
1833 1465 1974 1531 sine
2036 1465 2500 1544 calciamentis„
2557 1467 2673 1552 qui
2710 1467 2938 1533 -inviti

824 1573 987 1634 tunc
1029 1568 1476 1655 impleverunt
1520 1568 1733 1634 sancti
1794 1568 1889 1635 sic
1950 1567 2130 1634 dicta
2196 1568 2561 1654 Evangelii
2673 1568 2758 1633 In
2802 1569 2938 1635 illis

824 1669 1056 1736 diebus
1123 1672 1181 1736 si
1246 1671 1556 1759 ignobilis
1610 1671 1854 1758 vulgus
1921 1671 2323 1757 conspiceret
2389 1671 2600 1736 nostri
2668 1671 2939 1738 habitus

824 1773 1060 1852 virum,
1108 1773 1300 1859 quasi
1361 1773 1654 1840 intueret
1716 1772 1950 1859 lupum
2012 1772 2189 1838 inter
2250 1793 2407 1838 oves
2470 1773 2565 1838 sic
2606 1773 2938 1839 vocitatus

824 1880 940 1953 est,
997 1876 1155 1961 quia
1215 1875 1634 1942 confidebant
1685 1874 1759 1939 in
1827 1873 2121 1960 principe
2187 1875 2491 1961 superius
2535 1876 2934 1961 supradicte,

824 1998 959 2042 non
1003 1978 1495 2044 reminiscentes
1546 1976 1715 2042 illud
1768 1975 2254 2063 Psalmigraphi
2330 1975 2628 2054 dicentis,
2706 1976 2784 2042 N
2777 1975 2935 2043 olztc

825 2078 1152 2164 confidere
1195 2078 1281 2145 ‘in
1318 2076 1765 2165 Ρήποῳᾶὂαε
1794 2098 1915 2144 nec
1942 2076 2029 2144 in
2057 2076 2246 2164 filiis
2275 2076 2657 2157 hominum,
2691 2078 2939 2164 quibus

822 2200 969 2245 non
1011 2186 1102 2246 est
1145 2180 1380 2260 salus;
1444 2179 1827 2265 factumque
1873 2184 1975 2245 est
2035 2183 2187 2265 post
2239 2179 2530 2264 spatium
2575 2200 2935 2266 paucorum

822 2304 1143 2348 annorum
1191 2304 1313 2349 1133
1375 2283 1641 2369 propria
1700 2287 1823 2348 nec
1885 2280 2104 2346 aliena
2163 2280 2557 2360 habuerunt,
2605 2281 2723 2368 qui
2776 2288 2940 2349 tunc

822 2385 1112 2451 maxime
1176 2385 1394 2451 insani
1461 2389 1692 2452 contra
1752 2382 2107 2449 monachos
2175 2384 2564 2449 extiterunt.
2646 2383 2938 2470 ‚Nempe

824 2487 1294 2553 offendiculum
1363 2491 1466 2553 est
1517 2485 1846 2572 quomodo
1892 2484 2135 2572 vulgus
2202 2490 2272 2549 et
2332 2485 2604 2571 plurimi
2666 2485 2938 2563 nobiles,

825 2611 959 2655 non
1003 2590 1240 2674 inquit,
1288 2589 1401 2654 sed
1462 2583 1802 2674 ignobiles,
1849 2586 1964 2672 qui
2024 2586 2120 2653 sic
2178 2586 2422 2653 rectius
2467 2587 2599 2654 dici
2644 2593 2935 2673 possunt,

824 2691 1207 2775 semetipsos
1283 2689 1601 2776 spurcitia
1666 2688 2095 2775 inquinantes
2161 2689 2519 2774 perierunt.
2636 2687 2938 2776 Cumque

826 2797 1104 2858 ventosa
1146 2792 1324 2856 fama
1367 2797 1438 2856 et
1495 2790 1758 2856 hostilis
1818 2789 2028 2855 hostis
2072 2792 2344 2857 vesania
2388 2790 2593 2857 vellet
2651 2813 2773 2857 sua
2815 2793 2938 2857 im-

827 2893 1159 2960 munditia
1202 2893 1287 2959 ad
1341 2892 1691 2959 orientales
1753 2891 2148 2959 Merciorum
2211 2893 2488 2981 populos
2547 2895 2937 2983 pertingere,

828 3002 897 3063 31
939 2995 1158 3084 gentis
1220 3000 1290 3062 31
1352 2995 1898 3062 monasteriorum
1960 2994 2256 3061 decorem
2321 2994 2617 3074 evellere,
2679 2998 2937 3064 restite-

825 3103 987 3164 runt
1030 3098 1326 3164 timorati
1371 3097 1502 3162 viri
1562 3102 1793 3163 contra
1846 3097 2076 3162 vesani
2122 3096 2309 3163 venti
2376 3097 2613 3163 flatum
2661 3099 2779 3185 qui
2822 3121 2936 3165 ve-

825 3207 1019 3269 nerat
1062 3202 1144 3269 de
1188 3201 1434 3267 finibus
1494 3200 1799 3279 occiduis
1846 3200 2147 3287 perditus
2207 3199 2477 3279 deliciis,
2527 3222 2676 3288 quse
2728 3201 2937 3288 pluri-

828 3327 1085 3372 morum
1129 3306 1328 3372 corda
1387 3303 1700 3370 aufertmt
1743 3323 1786 3369 a
1829 3303 1944 3370 via
2004 3308 2202 3381 recta,
2247 3302 2628 3389 tolluntque
2680 3304 2938 3371 animos

826 3408 900 3472 in
944 3408 1136 3474 malis
1176 3406 1652 3493 voluptatibus.
1745 3404 2026 3470 Restitit
2055 3404 2401 3492 iniquitati
2443 3405 2720 3493 belliger
2748 3407 2939 3473 miles

828 3510 1220 3587 Alfwoldus,
1265 3530 1462 3595 quem
1527 3508 1768 3574 florens
1831 3506 2192 3574 secundum
2255 3506 2479 3574 saeculi
2539 3506 2940 3595 dignitatem

827 3613 1090 3680 animus
1166 3610 1457 3676 AElfheri
1547 3608 1887 3687 sustinuit,
1964 3629 2116 3676 cum
2204 3614 2404 3696 gente
2479 3609 2609 3696 sibi
2681 3610 2937 3679 collata.

828 3715 1167 3780 Dixerunt
1194 3712 1387 3800 impii
1417 3711 1599 3797 apud
1642 3733 1729 3789 se,
1758 3730 1899 3776 non
1942 3714 2118 3777 recte
2148 3710 2535 3798 cogitantes,
2584 3719 2618 3746 “
2641 3712 2938 3779 Circum-

827 3824 862 3852 “
906 3815 1251 3882 veniamus
1276 3812 1628 3880 monachos
1671 3816 1743 3879 et
1770 3812 2220 3899 opprimamus
2264 3833 2392 3890 eos,
2437 3819 2498 3880 et
2540 3821 2779 3881 nostra
2807 3815 2940 3883 erit

828 3926 862 3954 “
905 3916 1275 3985 hoereditas.
1352 3915 1509 3983 Non
1539 3915 1631 3981 sit
1660 3913 1776 4000 qui
1804 3913 2257 4002 misere(a)tur
2284 3913 2433 3995 illis,
2464 3916 2580 3983 sed
2603 3918 2941 4003 expellan-

828 4030 862 4058 “
906 4029 1034 4101 tur,
1067 4020 1481 4107 dejiciantur,
1526 4015 2030 4103 deride(a)ntur,
2077 4017 2580 4103 suspendentur,
2628 4019 2939 4108 colligen-

829 4133 862 4163 “
908 4130 1038 4204 tur,
1058 4123 1506 4198 verberentur,
1539 4127 1617 4185 ut
1644 4118 1869 4184 nullus
1897 4124 2238 4186 remaneat
2267 4119 2341 4183 in
2369 4124 2515 4187 tota
2544 4121 2940 4189 Marciorum

825 4235 860 4265 “
904 4224 1132 4293 terra.”
1196 4223 1254 4290 O
1286 4222 1478 4288 malae
1508 4221 1707 4286 minae
1738 4241 2095 4307 pravorum
2125 4219 2470 4286 hominum
2498 4227 2510 4287 !
2587 4221 2645 4288 Ο
2677 4224 2942 4312 antiqui

825 4329 1037 4397 hostis
1051 4324 1596 4410 ftaudulent(i)a1
1659 4322 1718 4388 Ο
1749 4322 1967 4409 prisca
1994 4321 2241 4408 species
2271 4322 2633 4410 pugnandi,
2658 4344 2807 4412 quae
2837 4326 2940 4392 in-

825 4430 1036 4520 spiras
1080 4430 1154 4495 in
1197 4427 1509 4495 men'ibris
1555 4425 1872 4491 debilium
1916 4424 2263 4491 hominum
2295 4474 2310 4491 .
2356 4476 2370 4491 .
2421 4477 2435 4491 .
2484 4478 2497 4493 .
2530 4448 2663 4493 ana
2705 4435 2940 4516 opera!

828 4535 960 4601 Sed
993 4532 1126 4615 Qui
1169 4530 1503 4618 quondam
1548 4531 1903 4594 ventorum
1947 4526 2088 4591 vim
2129 4527 2466 4614 oppressit,
2514 4533 2585 4594 et
2612 4529 2939 4616 tranquil-

825 4637 1086 4702 litatem
1118 4633 1272 4700 Suis
1316 4628 1825 4718 praesentialiter
1868 4628 2201 4707 concessit,
2248 4633 2482 4714 potens
2528 4633 2631 4695 est
2674 4629 2811 4695 tuis
2840 4652 2942 4695 re·

828 4739 1062 4805 sistere
1106 4733 1467 4821 strophosis
1510 4729 2072 4798 machinamentis
2167 4730 2297 4796 His
2340 4729 2700 4797 infortunis
2743 4732 2940 4799 rebus
