3600 5800
874 872 958 937 20
1482 886 1644 935 vrrA
1690 886 2017 937 w1LF1z1n1
2064 888 2367 943 Emscom

869 1079 1109 1144 leniter
1153 1080 1547 1165 pacificeque
1602 1077 2005 1163 loquebatur.
2101 1079 2211 1145 Illi
2256 1070 2414 1145 vero
2459 1080 2718 1159 feroces,
2766 1088 2835 1147 et
2877 1082 2978 1147 in-

872 1182 1109 1246 durato
1176 1181 1383 1260 corde,
1438 1202 1587 1246 cum
1656 1179 1995 1246 Pharaone
2057 1183 2374 1269 populum
2449 1182 2575 1253 Dei
2646 1184 2980 1250 dimittere

872 1280 1185 1360 nolentes,
1218 1288 1287 1348 et
1330 1283 1620 1349 dicentes
1660 1283 1938 1367 superbe
1969 1302 2090 1351 sua
2135 1307 2271 1350 esse
2317 1286 2554 1362 omnia,
2601 1287 2788 1371 quasi
2832 1308 2980 1373 pro-

873 1384 1034 1469 pria,
1066 1405 1215 1470 quae
1260 1406 1438 1450 mare
1482 1384 1569 1451 ad
1613 1389 1820 1450 terras
1865 1386 2154 1471 projecit.
2249 1387 2448 1452 Stans
2495 1376 2754 1474 quoque
2799 1389 2977 1475 prin-

874 1508 1024 1573 ceps
1091 1489 1501 1554 sacerdotum
1568 1487 1893 1552 idolatriae
1959 1510 2174 1554 coram
2239 1490 2512 1575 paganis
2579 1492 2664 1555 in-
2718 1492 2984 1555 tumulo*

874 1591 1144 1668 excelse,
1190 1591 1363 1657 sicut
1406 1590 1695 1667 Balaam,
1742 1589 2126 1656 maledicere
2171 1592 2488 1678 populum
2533 1592 2678 1671 Dei,
2726 1598 2795 1658 et
2840 1595 2976 1661 suis

539 1694 653 1773 'ljhe
676 1711 845 1774 pagan
872 1694 1141 1781 magicis
1185 1693 1440 1759 artibus
1485 1714 1720 1759 manus
1767 1712 1992 1757 eorum
2028 1693 2296 1779 alligare
2341 1695 2697 1785 nitebatur.
2790 1695 2976 1761 Tunc

456 1835 463 1845 ·
535 1762 581 1877 {2
628 1762 663 1840 ¹?
699 1772 846 1879 essfss
871 1817 1028 1861 vero
1058 1817 1231 1860 unus
1263 1818 1348 1860 ex
1379 1795 1710 1860 sodalibus
1742 1794 2071 1880 pontificis
2101 1795 2327 1873 nostri,
2360 1796 2648 1883 lapidem
2679 1798 2765 1862 ab
2795 1799 2975 1863 omni

872 1898 1112 1984 populo
1131 1897 1258 1980 Dei
1277 1897 1711 1973 benedictum,
1737 1917 1916 1961 more
1947 1897 2285 1976 Davidico,
2307 1898 2389 1962 de
2410 1897 2619 1964 funda
2650 1899 2975 1977 emitterre,

869 2001 1084 2065 fronte
1130 1998 1501 2086 perforata)
1547 2021 1753 2084 usque
1785 1999 1871 2063 ad
1915 1999 2250 2066 cerebrum
2296 2001 2475 2087 magi
2519 2004 2976 2087 exprobrantis

869 2103 1094 2169 illisit:
1156 2127 1369 2190 quem,
1438 2108 1795 2168 retrorsum
1859 2103 2237 2168 exanimato
2307 2103 2624 2169 cadavere
2682 2105 2971 2183 cadente,

869 2208 1041 2271 sicut
1088 2202 1432 2282 Goliatus,2
1477 2205 1549 2270 in
1594 2203 1884 2271 arenosis
1928 2204 2087 2269 locis
2132 2226 2306 2270 mors
2337 2206 2589 2272 incerta
2632 2207 2972 2292 praevenit.

534 2316 649 2368 The
672 2334 760 2369 na·
869 2310 976 2374 Ad
1021 2308 1268 2375 bellum
1322 2331 1474 2395 ergo
1534 2330 1604 2373 se
1666 2312 2112 2393 praeparantes
2172 2309 2430 2394 paganj,
2475 2309 2681 2374 aciem
2733 2308 2977 2374 fmstra

533 2383 662 2513 ἓζξζ
679 2402 773 2501 ξξθ
869 2412 941 2476 in
976 2412 1307 2503 populum
1344 2411 1472 2476 Dei
1518 2408 1920 2477 direxerunt.
2013 2409 2340 2475 Dominus
2370 2411 2545 2476 enim
2587 2432 2705 2497 pro
2749 2413 2973 2499 paucis

532 2515 674 2581 fight·
868 2513 1213 2600 pugnavit,
1258 2513 1433 2579 sicut
1444 2513 1587 2599 jam
1635 2512 1906 2579 Gedeon
1950 2511 2223 2577 Domini
2244 2513 2437 2597 jussu
2482 2534 2633 2579 cum
2664 2516 2974 2579 trecentis
3085 2519 3089 2524 ’

868 2617 1030 2681 viris
1079 2616 1472 2681 bellatorum
1494 2612 1521 2652 ³
1585 2614 2028 2680 Madianitum
2075 2636 2220 2681 cxx.
2272 2610 2484 2680 millia
2535 2637 2668 2680 uno
2721 2616 2974 2703 impetu

869 2718 1122 2784 occidit.
1217 2718 1327 2782 Ita
1355 2723 1426 2782 et
1465 2716 1578 2781 isti
1608 2716 1863 2785 sodales
1894 2716 2109 2783 sancti
2140 2706 2470 2802 pontificis
2487 2715 2516 2754 ⁴
2550 2717 2775 2796 nostri,
2808 2718 2971 2783 bene

864 2820 1121 2897 armati,
1154 2818 1379 2884 viriles
1424 2819 1661 2895 animO,
1694 2819 1889 2905 pauci
1933 2840 2208 2883 numero
2243 2810 2458 2905 (erant
2488 2821 2663 2884 enim
2709 2826 2972 2886 centum

866 2930 935 3004 et
979 2922 1222 3010 viginti
1269 2922 1395 2984 viri
1460 2921 1529 2985 in
1579 2942 1870 2998 numer0,
1918 2920 2221 2988 Mosaicae
2282 2924 2545 3008 aetatis),
2595 2924 2763 2989 inito
2824 2946 2972 2990 con-

862 3023 1010 3089 silio
1042 3029 1112 3089 et
1154 3030 1347 3110 pacto
1391 3029 1474 3088 ut
1516 3023 1739 3087 nullus
1771 3022 1856 3088 ab
1900 3021 2031 3087 alio
2075 3024 2148 3090 in
2193 3023 2417 3110 fugam
2454 3033 2641 3112 terga
2671 3032 2973 3106 verteret,

863 3127 977 3192 sed
1018 3109 1140 3191 aut
1182 3125 1460 3191 mortem
1523 3146 1671 3190 cum
1734 3124 1945 3202 laude,
1992 3128 2111 3189 aut
2155 3126 2365 3190 vitam
2427 3148 2575 3192 cum
2638 3128 2975 3216 triumpho

868 3227 1071 3314 (quod
1138 3227 1281 3292 Deo
1364 3233 1720 3313 utrumque
1789 3226 1980 3293 facile
2042 3227 2168 3314 est)
2238 3227 2480 3294 habere
2548 3237 2967 3297 mererentur.

863 3329 1083 3416 Igitur
1151 3329 1435 3395 Sanctus
1498 3327 1880 3392 wilfi-ithus
1950 3328 2289 3414 episcopus
2365 3352 2515 3395 cum
2590 3331 2760 3397 clero
2835 3354 2969 3410 su0,

861 3433 1052 3497 flexis
1112 3432 1477 3518 poplitibus
1536 3452 1843 3518 genuum,
1907 3435 1978 3494 et
2038 3432 2279 3497 iterum
2341 3434 2616 3499 elevatis
2667 3435 2969 3499 manibus

861 3534 948 3598 ad
1001 3533 1250 3612 caelum,
1315 3533 1585 3598 Domini
1632 3531 1960 3598 auxilium
2022 3534 2473 3620 perpetravit.⁶
2565 3535 2753 3602 Sicut
2792 3537 2967 3602 enim

868 3636 1146 3723 Moyses
1179 3635 1331 3700 Hur
1362 3640 1431 3701 et
1460 3637 1685 3701 Aaron
1714 3636 2246 3701 sustentantibus
2292 3659 2528 3703 manus
2546 3637 2574 3676 ⁶
2618 3640 2773 3726 ejus,
2806 3639 2852 3705 J
2854 3661 2966 3705 esu

863 3739 1056 3804 Nave
1120 3761 1269 3806 cum
1336 3738 1579 3828 populo
1625 3737 1752 3803 Dei
1817 3727 2166 3804 adversum
2230 3740 2546 3807 Amalech
2615 3750 2967 3830 pugnante,

861 3841 1238 3927 frequenter
1280 3841 1552 3906 Domini
1584 3841 2060 3927 protectionem
2089 3841 2460 3929 implorans,
2494 3845 2971 3932 triumphavit;

861 3944 962 4008 ita
1006 3950 1074 4009 et
1116 3943 1225 4010 hic
1287 3943 1401 4007 isti
1464 3945 1657 4029 pauci
1722 3943 2102 4022 Christiani,
2173 3943 2415 4010 feroces
2478 3953 2547 4010 et
2610 3946 2966 4034 indomitos

525 4054 639 4104 The
662 4055 770 4133 tide
863 4067 1167 4132 paganos
1217 4045 1427 4109 tribus
1460 4045 1715 4111 vicibus
1761 4046 1833 4110 in
1878 4046 2102 4132 fugam
2149 4068 2384 4125 versos,
2417 4053 2633 4132 strage
2666 4068 2798 4113 non
2828 4069 2963 4113 mo·

525 4135 694 4171 comes
716 4137 771 4172 ¹¹¹
865 4148 1011 4213 dica
1041 4148 1417 4222 obruerunt,
1452 4147 1745 4233 quinque
1776 4153 2044 4211 tantum
2079 4147 2238 4209 viris
2273 4148 2476 4230 (quod
2506 4148 2743 4210 mirum
2778 4149 2959 4228 dictu

525 4197 784 4318 ἓὲῑῗξῗὲ.
862 4251 987 4334 est)
1039 4271 1121 4312 ex
1183 4270 1303 4311 sua
1348 4252 1534 4332 parte
1599 4248 1840 4323 occisiS,
1896 4253 2122 4312 orante
2185 4247 2514 4311 sacerdote
2579 4269 2817 4334 magno
2879 4251 2964 4315 ad

929 4495 941 4525 ¹
963 4495 1140 4558 fronte
1160 4494 1455 4560 perforata]
1502 4495 1656 4548 fronti
1696 4493 1861 4558 perfo—
2025 4496 2041 4523 ⁴
2071 4494 2350 4561 pontificis]
2382 4498 2628 4560 praesulia,
2650 4500 2719 4549 A.

858 4581 999 4634 ratae,
1022 4574 1090 4623 A.
2022 4572 2042 4602 ⁵
2070 4575 2404 4641 perpetravit]
2435 4576 2744 4641 impetravit,
2770 4580 2840 4627 A:

858 4701 865 4717 ,
924 4651 946 4682 ⁹
984 4649 1247 4717 Goliaeus]
1278 4651 1480 4713 Goliad,
1506 4652 1576 4703 A.
1818 4697 1826 4703 .
2023 4651 2044 4683 ⁰
2076 4652 2274 4718 manus]
2305 4654 2373 4706 A.
2400 4674 2414 4716 ς
2451 4656 2700 4718 manibus,
2726 4656 2836 4707 MS.

926 4729 947 4761 ³
980 4727 1291 4796 bellamm]
1321 4731 1664 4793 bellatoribus,
1688 4731 1758 4782 A.
