3600 5800
823 865 957 934 272
1345 880 1708 933 mmmm
1753 880 1998 932 smc'n
2026 880 2407 947 somme,

915 1099 1255 1188 Quomodo
1293 1124 1597 1191 puerum
1641 1125 1687 1168 a
1732 1101 2093 1169 ‘nativitate
2136 1111 2413 1170 ‘mutwm
2457 1111 2514 1170 et
2560 1104 2853 1171 ulcerosa

1295 1238 1298 1241 ¹
1353 1206 1716 1292 deformem
1760 1206 1949 1272 tinea
1993 1205 2379 1272 sanaverit}

910 1338 1258 1406 Crescebat
1288 1340 1583 1426 quotidie
1614 1341 1744 1405 viri
1786 1340 1913 1405 Dei
1945 1339 2409 1406 miraculorum
2437 1339 2629 1418 fama,
2661 1341 2929 1407 crebris-

818 1463 945 1528 que
969 1441 994 1481 2
1047 1443 1188 1529 ejus
1240 1443 1743 1529 circumquaque
1796 1442 2132 1508 colebatur
2178 1442 2528 1522 memoria3
2576 1443 2753 1508 unde
2797 1464 2931 1509 non

819 1545 1030 1610 solum
1077 1545 1297 1622 vicini,
1344 1566 1574 1609 verum
1639 1550 1709 1609 et
1752 1545 1835 1612 de
1902 1544 2172 1610 remotis
2237 1550 2560 1612 terrarum
2629 1533 2928 1632 partibus

819 1647 1252 1734 quamplures,
1286 1647 1570 1732 corporis
1614 1646 1986 1731 animaeque
2032 1646 2321 1712 remedia
2365 1646 2793 1734 postulantes,
2840 1649 2927 1713 ad

481 1765 535 1816 A
557 1765 703 1817 blind
816 1744 1024 1834 ipsius
1069 1749 1329 1813 assidue
1382 1748 1801 1814 confluebant
1864 1748 2217 1813 ecclesiam.
2311 1748 2496 1814 Inter
2542 1769 2703 1834 quos
2763 1771 2922 1835 pue-

478 1834 583 1948 ξξέ
607 1833 698 1949 isht
723 1907 775 1950 ω
815 1851 1000 1915 rulus
1046 1851 1316 1936 quidam
1362 1850 1551 1935 quasi
1567 1846 1595 1889 ³
1638 1850 1975 1936 septennis
2005 1850 2246 1915 allatus
2276 1855 2377 1916 est
2422 1851 2503 1914 de
2534 1872 2702 1938 pago
2733 1850 2921 1915 Hau-

478 1914 729 2031 13050‘3125
814 1952 1262 2038 gulataldensi,
1325 1952 1441 2037 qui
1494 1973 1536 2018 a
1597 1952 1953 2018 nativitate
2020 1972 2231 2019 eoeous
2293 1952 2524 2018 fuerat.
2616 1952 2705 2018 Et
2766 1952 2923 2021 licet

477 2031 609 2082 from
631 2033 775 2084 Hex-
816 2054 1196 2123 incredibile
1241 2054 1468 2119 multis
1498 2054 1835 2120 videretur
1879 2060 1959 2118 ut
1988 2076 2030 2119 a
2058 2055 2415 2120 nativitate
2461 2076 2666 2121 caecus
2696 2054 2922 2123 lumen

814 2146 1145 2245 reciperet,
1192 2162 1496 2244 parentes
1513 2155 1541 2194 ⁴
1599 2162 1825 2223 tamen
1870 2157 2039 2235 caeci,
2087 2157 2264 2224 dulci
2310 2157 2594 2242 quadam
2640 2158 2918 2225 familia—

812 2261 1011 2328 ritate
1058 2258 1375 2327 Sanctum
1437 2257 1563 2323 Dei
1585 2257 1612 2297 ⁶
1671 2258 1717 2322 J
1718 2258 2045 2325 ohannem
2107 2259 2511 2326 confidenter
2571 2259 2919 2346 amplecte-

811 2362 1072 2439 bantur,
1119 2361 1429 2447 quoniam
1454 2357 1479 2398 ⁶
1524 2359 1751 2427 multis
1796 2361 2231 2427 referentibus
2266 2367 2725 2449 cognoverant,
2758 2384 2917 2449 qua-

814 2464 966 2530 liter
1010 2463 1090 2528 de
1151 2464 1379 2529 eodem
1439 2483 1607 2550 pago
1660 2484 1937 2551 puerum
2004 2486 2047 2530 a
2106 2465 2466 2531 nativitate
2525 2470 2802 2543 mutum,
2851 2472 2919 2531 et

814 2566 1105 2633 ulcerosa
1134 2565 1488 2631 deformem
1519 2565 1716 2643 tinea,
1749 2566 2101 2644 sanaverit,
2134 2566 2294 2632 dum
2326 2565 2917 2653 Haugulstaldensi

810 2667 1192 2754 praesideret
1258 2667 1557 2745 ecclesiae,
1560 2664 1585 2707 ⁷
1660 2668 1834 2735 sicut
1896 2667 2263 2755 Anglorum
2326 2669 2525 2737 refert
2600 2668 2911 2737 Historia.
2941 2680 3024 2732 Cf
3047 2679 3203 2739 Beda,

809 2770 957 2836 Hoc
1022 2770 1149 2855 piae
1212 2769 1586 2835 devotionis
1630 2770 1886 2847 affectu,
1934 2791 2168 2856 parens
2229 2777 2520 2855 uterque,
2568 2791 2716 2859 cum
2777 2792 2913 2837 non
2939 2747 3006 2799 H.
3032 2749 3091 2813 Ε·
3114 2765 3166 2798 ‘⁷‘
3190 2754 3238 2799 ²·

474 2887 586 2938 The
608 2887 744 2940 child
808 2871 1084 2938 minima
1128 2871 1354 2960 populi
1398 2870 1847 2951 multitudine,
1880 2870 2304 2938 Beverlacum
2353 2871 2706 2950 venientes
2754 2880 2910 2940 ante

473 2955 769 3072 {tffiffgffnffss
808 2975 1193 3061 sepulcrum,
1226 2997 1356 3062 quo
1402 2975 1581 3042 beati
1625 2975 1756 3040 viri
1802 2995 2035 3061 corpus
2064 2975 2246 3059 prius
2275 2973 2621 3040 humatum
2652 2974 2883 3054 fuerat,
2885 2975 2911 3015 ⁸

475 3090 634 3150 tomi),
808 3099 1051 3145 caecum
1079 3099 1289 3156 suum,
1321 3078 1394 3142 in
1437 3099 1680 3165 magna
1723 3078 1964 3142 mentis
2010 3076 2415 3154 contritione,
2463 3098 2598 3143 non
2641 3077 2783 3143 sine
2815 3079 2907 3144 la-

807 3202 1180 3266 crymarum
1211 3180 1542 3262 effusione,
1575 3184 1993 3258 statuerunt;
2035 3184 2130 3256 ut,
2165 3199 2207 3244 a
2251 3178 2401 3244 sinu
2445 3179 2675 3245 matris
2720 3182 2907 3246 avul-

807 3305 933 3361 sus,
981 3305 1023 3350 a
1064 3284 1245 3350 fonte
1289 3282 1747 3348 misericordiae
1811 3280 2076 3347 Christo
2096 3277 2124 3316 ⁰
2176 3280 2472 3362 hauriret
2530 3282 2904 3348 remedium.
3096 3277 3101 3284 ’

807 3383 1106 3471 Cumque
1152 3405 1358 3452 caecus
1402 3384 1620 3452 flendo
1651 3383 2054 3461 vociferaret,
2087 3388 2156 3449 et
2184 3381 2599 3448 vociferando
2643 3384 2910 3452 brachia
2987 3371 2991 3380 ⁵

472 3496 701 3546 Lament,
724 3494 775 3546 ἰί.
804 3487 1018 3566 matri,
1064 3492 1144 3553 ut
1189 3488 1641 3572 susciperetur,
1705 3486 2129 3564 extenderet,
2189 3489 2527 3570 materque
2602 3508 2719 3572 pro
2786 3487 2910 3554 filii

475 3566 552 3611 ¹⁹·
803 3590 1013 3656 salute
1057 3590 1344 3656 animam
1390 3610 1593 3666 suam,
1626 3588 1816 3674 quasi
1846 3608 2103 3674 aquam,
2136 3608 2352 3654 coram
2383 3587 2524 3653 Deo
2554 3593 2624 3653 et
2668 3588 2909 3656 Sancto

468 3642 571 3690 and
593 3642 732 3694 there

470 3722 699 3759 reeovers
805 3691 941 3760 Suo
958 3688 1010 3730 ¹⁰
1039 3691 1086 3756 J
1086 3692 1341 3759 ohanne
1372 3690 1654 3778 supplex
1683 3690 2067 3766 effunderet,
2100 3697 2308 3757 caecus
2357 3689 2739 3776 lacrymosis
2769 3692 2906 3777 eju-

468 3773 548 3824 hia
571 3774 720 3842 sight.
803 3795 945 3859 lans
990 3793 1380 3861 clamoribus
1398 3792 1450 3832 ¹¹
1496 3792 1949 3878 prosternitur,
1982 3813 2057 3856 ac
2088 3791 2325 3856 deinde
2370 3792 2443 3856 in
2472 3792 2906 3860 admiratione

872 3999 888 4032 ¹
920 4000 1003 4054 No
1042 3997 1151 4048 title
1187 3999 1240 4047 in
1276 4000 1344 4048 A.
1413 3995 1541 4047 This
1586 3996 1717 4057 title,
1763 3995 1802 4043 it
1904 3994 2144 4044 removed
2179 3992 2231 4043 in
2272 3996 2415 4043 1197.
2484 3996 2575 4045 An
2610 3994 2906 4061 inscription

802 4078 904 4128 will
937 4080 1002 4129 be
1025 4078 1288 4138 observed,
1322 4075 1365 4125 is
1406 4073 1629 4135 inexact,
1668 4089 1723 4124 as
1761 4073 1802 4122 it
1904 4081 1960 4124 to
1982 4073 2085 4123 this
2110 4073 2258 4124 effect
2281 4089 2382 4128 was
2404 4074 2566 4125 found
2586 4081 2641 4128 at
2661 4076 2906 4142 Beverley

802 4157 957 4208 refers
979 4162 1034 4207 to
1066 4156 1156 4207 the
1188 4153 1392 4205 mii-acle
1434 4152 1694 4205 described
1732 4153 1801 4216 by
1904 4152 1960 4201 in
2011 4157 2138 4202 1664
2197 4152 2504 4218 (Dugdnle's
2555 4152 2813 4205 Visitau'on
2852 4157 2921 4221 qs

802 4237 962 4298 Beda,
986 4236 1089 4285 and
1108 4242 1199 4284 not
1223 4241 1277 4284 to
1298 4234 1387 4283 the
1409 4247 1509 4282 one
1531 4231 1704 4282 before
1721 4247 1800 4281 ue.
1917 4229 2205 4291 Yorkshire,
2251 4232 2331 4280 ed.
2381 4231 2584 4284 Surtees
2631 4232 2748 4284 Soc.
2795 4238 2903 4300 22).

869 4314 892 4348 θ
922 4312 1231 4378 crebrisque]
1258 4310 1486 4370 celebris,
1510 4325 1628 4374 qua,
1651 4309 1720 4360 A.
1903 4308 2015 4359 The
2038 4309 2264 4361 mention
2285 4309 2348 4360 of
2359 4309 2467 4361 this
2488 4310 2593 4362 fact
2627 4311 2674 4362 is
2704 4313 2906 4380 enough

869 4392 894 4426 ⁸
924 4392 1094 4458 quasi]
1122 4406 1222 4441 om.
1246 4391 1316 4440 A.
1903 4397 1957 4440 to
1992 4389 2133 4440 show
2169 4389 2283 4440 that
2318 4389 2405 4439 the
2442 4391 2621 4441 record
2665 4391 2728 4442 of
2762 4393 2904 4442 these

869 4473 890 4503 ⁴
927 4487 1084 4521 coecus
1119 4506 1131 4520 .
1169 4504 1182 4519 .
1207 4466 1473 4534 parentes]
1501 4482 1602 4517 om.
1625 4467 1693 4515 A.
1901 4467 2133 4520 miracles
2154 4484 2257 4520 was
2278 4477 2374 4520 not
2396 4471 2545 4536 made
2568 4471 2638 4536 by
2660 4471 2889 4523 Folcard.

866 4549 887 4584 ⁸
924 4549 1053 4614 Dei]
1083 4545 1310 4608 Domini,
1332 4547 1402 4598 A.
1968 4547 1989 4578 ⁹
2029 4545 2256 4612 Christo]
2287 4547 2567 4612 sospitatis,
2590 4549 2686 4599 ins.
2711 4550 2779 4601 A.

867 4628 890 4660 ⁶
923 4625 1180 4692 quoniam]
1210 4642 1376 4691 quem,
1398 4625 1469 4675 A.
1969 4624 2021 4657 ¹⁰·
2047 4625 2235 4675 Sancto
2265 4625 2395 4696 Sap]
2425 4640 2524 4676 om.
2547 4627 2617 4678 A.

865 4706 887 4744 ⁷
924 4705 1162 4771 ecclesioe]
1193 4719 1291 4757 om.
1313 4705 1384 4755 A.
1968 4703 2005 4736 ¹¹
2040 4699 2359 4770 clamoribus]
2390 4703 2719 4766 sermonibus,
2742 4706 2812 4757 A.

868 4784 891 4816 ⁸
924 4784 1031 4835 The
1053 4783 1273 4836 remains
1308 4784 1370 4834 of
1397 4782 1470 4836 St.
1494 4780 1640 4832 John
1663 4794 1796 4831 were
