3600 5800
1329 892 1649 943 AUCTORE
1693 893 2048 943 ANONYMO.
2428 907 2433 912 ·
2605 876 2731 938 411

629 1084 733 1143 est
806 1079 880 1144 in
943 1079 1289 1147 Wintonia
1361 1081 1651 1167 positum
1710 1082 2083 1167 acquisivit,
2162 1080 2467 1146 donando
2535 1078 2736 1164 digno
2762 1080 2826 1130 he
2848 1082 2980 1145 buys

628 1180 860 1266 pretio,
937 1180 1101 1248 Erat
1144 1182 1322 1248 enim
1376 1182 1570 1249 valde
1615 1184 1911 1269 inclytus
1957 1184 2029 1247 in
2072 1183 2379 1250 omnibus
2428 1182 2737 1267 operibus
2761 1146 3071 1290 ἓξὲξ)Μῦ

631 1283 785 1359 suis,
830 1283 1151 1362 amabilis,
1196 1290 1267 1350 et
1328 1285 1613 1351 affabilis
1680 1285 1988 1352 omnibus
2056 1285 2286 1353 amicis
2331 1284 2487 1349 suis.
2578 1282 2735 1348 Ful·
2761 1280 3030 1331 Wmehes-

630 1385 832 1470 gebat
860 1386 1157 1470 quotidie
1201 1387 1274 1451 in
1305 1386 1530 1454 sericis
1559 1387 1877 1465 vestibuS,
1908 1392 1979 1452 et
2012 1387 2410 1474 epulabatur
2439 1407 2555 1471 per
2599 1385 2733 1450 sin-
2760 1352 3004 1476 givald’s

631 1487 820 1574 gulos
865 1488 1031 1554 soles
1075 1488 1433 1574 splendide,
1481 1489 1588 1556 cui
1648 1489 2166 1575 suppeditabant
2183 1502 2217 1535 ὃ
2276 1509 2455 1574 gazae
2500 1493 2733 1552 terres-
2757 1497 2989 1569 exn-aqa-

632 1601 784 1669 tres,
830 1611 1086 1658 necnon
1128 1589 1422 1668 honores
1484 1611 1647 1676 quos
1692 1591 1988 1657 servavit
2055 1590 2323 1658 Christo
2386 1609 2523 1655 non
2588 1588 2734 1666 sibi,
2756 1558 2987 1674 ffir‘epsp

632 1691 806 1758 sicut
851 1697 1082 1778 postea
1123 1690 1222 1758 rei
1282 1690 1590 1778 probavit
1634 1696 1926 1757 eventus.

722 1793 807 1858 In
850 1793 1083 1859 diebus
1125 1792 1259 1858 illis
1301 1814 1438 1858 non
1482 1793 1831 1859 monastici
1876 1793 2023 1870 viri,
2069 1812 2192 1859 nec
2234 1792 2443 1877 ipsius
2488 1795 2733 1857 sanctae
2757 1795 2866 1844 The
2887 1795 3010 1845 cha-

631 1894 1076 1961 institutionis
1138 1893 1383 1981 regulae
1451 1899 1641 1959 erant
1701 1895 1775 1959 in
1840 1893 2107 1980 regione
2169 1892 2552 1979 Anglorum,
2616 1892 2732 1957 sed
2756 1861 3006 1978 ξζὲῒξζῃῗΐ

631 2002 823 2062 erant
864 1995 1152 2082 religiosi
1197 2001 1267 2062 et
1296 1995 1665 2082 dignissimi
1711 1995 1930 2062 clerici
1961 1996 2077 2082 qui
2121 2001 2347 2061 tamen
2391 1995 2732 2060 thesauros
2754 1992 2985 2110 5⁶:222?

633 2117 801 2175 suos,
847 2117 1012 2182 quos
1042 2097 1259 2164 avidis
1302 2097 1734 2183 acquirebant
1778 2096 2099 2175 cordibus,
2131 2118 2266 2162 non
2309 2097 2397 2163 ad
2443 2096 2729 2162 ecclesiae
2951 2077 3002 2126 y.

632 2198 961 2277 honorem,
1031 2199 1147 2265 sed
1214 2201 1352 2265 suis
1398 2200 1553 2266 dare
1617 2200 1919 2265 solebant
1979 2199 2315 2265 uxoribus.
2410 2199 2580 2265 Cum
2624 2198 2730 2264 his
2755 2205 2964 2283 stald
2986 2206 3029 2256 is

633 2301 1040 2368 mansitabat
1100 2301 1252 2387 pius
1319 2302 1712 2380 adolescens,
1780 2300 1972 2367 velut
2034 2301 2206 2368 Loth
2274 2302 2347 2365 in
2411 2300 2729 2380 Sodomis,
2753 2273 3070 2389 ἓζῗζὲζήὼ

632 2424 912 2489 quorum
957 2404 1320 2490 superfluas
1365 2404 1596 2469 nenias
1661 2426 1933 2470 cernens
1978 2404 2086 2468 vir
2127 2403 2463 2490 providus,
2528 2404 2734 2489 coepit
2756 2404 2839 2456 his
2861 2405 2964 2455 life.

630 2507 1009 2592 frequenter
1100 2506 1302 2573 sollici
1311 2507 1399 2573 tis
1473 2507 1986 2593 cogitationibus
2052 2507 2317 2592 pulsari,
2379 2513 2449 2573 et
2521 2506 2735 2573 beatae

630 2609 874 2674 mentis
903 2608 1216 2694 indagine
1232 2606 1267 2654 b
1313 2609 1774 2693 praemeditari,
1809 2609 1967 2695 quia
1995 2610 2209 2675 carnis
2254 2608 2498 2676 delicta
2523 2609 2735 2695 magis

629 2715 880 2798 augent
924 2731 1123 2796 quam
1183 2711 1444 2787 debent,
1491 2712 1607 2798 qui
1669 2713 1751 2777 de
1819 2712 2053 2777 alienis
2097 2711 2292 2777 rebus
2355 2712 2600 2776 vivunt
2665 2718 2735 2778 et

628 2811 877 2898 injuste
921 2834 1113 2901 agere
1157 2834 1294 2878 non
1341 2813 1696 2879 desistunt.
1808 2813 1922 2880 Sic
1982 2814 2395 2901 resplenduit
2438 2815 2564 2880 sub
2622 2814 2733 2901 pio

627 2921 916 3001 parente,
949 2915 1138 2982 velut
1164 2914 1212 2980 J
1214 2936 1370 2981 osue
1399 2917 1525 2980 sub
1555 2915 1799 2981 eximio
1829 2916 2205 3002 Aquatico,0
2225 2917 2382 3002 quia
2412 2917 2733 2984 secundus

628 3019 875 3084 enituit
917 3018 993 3082 in
1022 3017 1070 3083 J
1071 3018 1337 3083 ordanis
1382 3019 1685 3084 culmine.
1782 3018 2008 3105 Sagax
2039 3025 2183 3084 erat
2211 3025 2451 3096 mente,
2481 3020 2734 3105 pollens

628 3141 840 3205 opere,
887 3119 1174 3185 affabilis
1242 3141 1560 3197 sermone,
1606 3119 1901 3205 locuples
1966 3120 2228 3185 divitiis
2290 3120 2501 3197 valde,
2548 3121 2737 3205 cujus

631 3219 948 3285 sobrietas
1046 3218 1423 3284 vexillifera
1526 3220 1898 3284 munitione
1995 3221 2391 3285 venerandae
2504 3222 2735 3286 extitit

630 3320 841 3384 crucis
907 3320 1182 3384 munita.
1277 3318 1387 3384 Ita
1431 3340 1689 3404 quoque
1752 3320 1962 3405 ipsius
2007 3321 2224 3393 virtus
2292 3320 2552 3405 placida
2594 3343 2730 3387 mo-

631 3420 967 3486 deramine
1011 3420 1348 3505 perstabat
1393 3427 1727 3497 exornata,
1773 3425 1853 3484 ut
1913 3421 2255 3486 florentem
2301 3422 2404 3484 sui
2451 3423 2731 3506 pectoris

630 3523 927 3588 animum
974 3521 1047 3585 in
1091 3541 1451 3606 supernum
1497 3521 1709 3606 possit
1777 3521 2047 3586 tendere
2110 3543 2401 3611 regnum.
2495 3522 2730 3587 Ferru-

629 3624 825 3712 gineo
885 3624 1137 3691 micans
1212 3627 1390 3688 ostro
1466 3622 1800 3709 cogitabat
1862 3623 2109 3688 Beatus
2184 3625 2512 3708 quomodo
2586 3624 2730 3690 Deo

631 3747 936 3814 supremo
1002 3725 1259 3812 placere
1319 3724 1659 3810 potuisset,
1706 3724 1956 3790 habens
2001 3725 2309 3792 fiduciam
2373 3727 2729 3812 perfectam

630 3830 718 3896 ad
762 3828 997 3907 Deum,
1045 3831 1125 3891 ut
1171 3825 1291 3892 Sui
1338 3826 1515 3891 inter
1559 3825 1955 3912 Carybdind
1998 3826 2199 3913 hujus
2267 3827 2491 3894 saeculi
2537 3828 2730 3893 mise-

630 3952 878 3998 rescere
922 3930 1323 4017 dignaretur.
1417 3927 1770 4014 Largiente
1816 3929 2057 3995 deinde
2100 3927 2396 4015 piissimo
2444 3928 2727 4006 Christo,

628 4058 748 4124 pro
793 4036 1002 4124 Cujus
1047 4034 1348 4122 passione
1391 4034 1723 4101 consecuti
1768 4056 1996 4100 sumus
2040 4034 2366 4100 libertatis
2396 4041 2730 4122 perpetuae

680 4201 702 4223 ⁸
724 4188 1119 4247 suppeditabant]
1172 4188 1515 4240 ministrabant,
1558 4192 1630 4234 in-

626 4261 978 4375 ωἷιέηααοεκο]
1007 4319 1301 4368 scrutamine,
1318 4319 1480 4364 interl.

677 4394 697 4415 0
722 4383 977 4438 Aquaeico]
1005 4395 1067 4428 sc.
1085 4382 1246 4433 Motae,
1272 4382 1434 4426 interl.

1782 4191 1802 4219 ‘¹
1835 4189 2098 4244 Gar-ubdin]
2136 4191 2369 4242 Carybdin
2409 4191 2462 4236 in
2505 4193 2593 4236 hoo
2634 4193 2733 4237 loco

1733 4255 2083 4329 quctuationem
2125 4254 2269 4308 hujus
2302 4256 2459 4300 saculi
2491 4256 2736 4309 significat,

1733 4331 1786 4362 m
1803 4330 1952 4370 mara.

691 4598 709 4630 ¹
746 4595 966 4662 evemus]
1007 4593 1158 4645 After
1191 4592 1296 4644 this
1340 4594 1480 4643 word
1520 4597 1625 4642 “tu
1731 4591 1982 4642 intention
2005 4592 2069 4642 of
2089 4593 2324 4661 mal-king
2345 4594 2433 4646 the
2453 4594 2733 4662 beginning

624 4682 656 4707 “
694 4676 905 4727 autem''
945 4689 1029 4725 are
1064 4670 1346 4732 interlined,
1381 4670 1501 4724 with
1533 4673 1624 4722 tho
1731 4670 1792 4723 of
1808 4671 2018 4723 another
2039 4672 2262 4737 chapter.
