<?xml version="1.0" encoding="UTF-8"?>
<!DOCTYPE html PUBLIC "-//W3C//DTD XHTML 1.0 Transitional//EN"
    "http://www.w3.org/TR/xhtml1/DTD/xhtml1-transitional.dtd">
<html xmlns="http://www.w3.org/1999/xhtml" xml:lang="en" lang="en">
 <head>
  <title>
</title>
<meta http-equiv="Content-Type" content="text/html;charset=utf-8" />
  <meta name='ocr-system' content='tesseract 3.04.00' />
  <meta name='ocr-capabilities' content='ocr_page ocr_carea ocr_par ocr_line ocrx_word'/>
</head>
<body>
  <div class='ocr_page' id='page_1' title='image "./historianschurc01raingoog_0530.png"; bbox 0 0 3600 5800; ppageno 0'>
   <div class='ocr_carea' id='block_1_1' title="bbox 901 858 2367 937">
    <p class='ocr_par' dir='ltr' id='par_1_1' title="bbox 901 858 2367 937">
     <span class='ocr_line' id='line_1_1' title="bbox 901 858 2367 937; baseline 0 -14"><span class='ocrx_word' id='word_1_1' title='bbox 901 858 1035 925; x_wconf 78' lang='lat'><strong>434</strong></span> <span class='ocrx_word' id='word_1_2' title='bbox 1541 871 1708 922; x_wconf 76' lang='lat' dir='ltr'><strong>vm</strong></span> <span class='ocrx_word' id='word_1_3' title='bbox 1751 871 1997 924; x_wconf 59' lang='lat' dir='ltr'><strong>sinon</strong></span> <span class='ocrx_word' id='word_1_4' title='bbox 2041 871 2367 937; x_wconf 64' lang='lat' dir='ltr'><strong>oswnm,</strong></span> 
     </span>
    </p>
   </div>
   <div class='ocr_carea' id='block_1_2' title="bbox 564 1059 3017 1560">
    <p class='ocr_par' dir='ltr' id='par_1_2' title="bbox 564 1059 3017 1560">
     <span class='ocr_line' id='line_1_2' title="bbox 899 1059 3015 1148; baseline 0 -24"><span class='ocrx_word' id='word_1_5' title='bbox 899 1059 1064 1126; x_wconf 87' lang='lat' dir='ltr'><strong>livio</strong></span> <span class='ocrx_word' id='word_1_6' title='bbox 1107 1059 1401 1128; x_wconf 82' lang='lat' dir='ltr'><strong>nascitur</strong></span> <span class='ocrx_word' id='word_1_7' title='bbox 1466 1060 1726 1128; x_wconf 86' lang='lat' dir='ltr'><strong>mentis.</strong></span> <span class='ocrx_word' id='word_1_8' title='bbox 1819 1060 2181 1129; x_wconf 83' lang='lat' dir='ltr'><strong>Transacto</strong></span> <span class='ocrx_word' id='word_1_9' title='bbox 2239 1064 2582 1140; x_wconf 88' lang='lat' dir='ltr'><strong>autumno,</strong></span> <span class='ocrx_word' id='word_1_10' title='bbox 2627 1059 2833 1148; x_wconf 87' lang='lat' dir='ltr'><strong>coepit</strong></span> <span class='ocrx_word' id='word_1_11' title='bbox 2874 1079 3015 1127; x_wconf 88' lang='lat' dir='ltr'><strong>non</strong></span> 
     </span>
     <span class='ocr_line' id='line_1_3' title="bbox 901 1161 3017 1250; baseline 0 -23"><span class='ocrx_word' id='word_1_12' title='bbox 901 1162 1212 1229; x_wconf 88' lang='lat' dir='ltr'><strong>desistere</strong></span> <span class='ocrx_word' id='word_1_13' title='bbox 1256 1162 1508 1250; x_wconf 87' lang='lat' dir='ltr'><strong>coeptis,</strong></span> <span class='ocrx_word' id='word_1_14' title='bbox 1554 1163 1672 1230; x_wconf 91' lang='lat' dir='ltr'><strong>sed</strong></span> <span class='ocrx_word' id='word_1_15' title='bbox 1713 1163 1917 1231; x_wconf 86' lang='lat' dir='ltr'><strong>avida</strong></span> <span class='ocrx_word' id='word_1_16' title='bbox 1958 1163 2205 1231; x_wconf 87' lang='lat' dir='ltr'><strong>mentis</strong></span> <span class='ocrx_word' id='word_1_17' title='bbox 2263 1163 2636 1230; x_wconf 88' lang='lat' dir='ltr'><strong>intentione</strong></span> <span class='ocrx_word' id='word_1_18' title='bbox 2679 1161 3017 1249; x_wconf 88' lang='lat' dir='ltr'><strong>acquirere</strong></span> 
     </span>
     <span class='ocr_line' id='line_1_4' title="bbox 565 1263 3016 1355; baseline 0.002 -31"><span class='ocrx_word' id='word_1_19' title='bbox 565 1273 768 1352; x_wconf 70' lang='lat' dir='ltr'><strong>Dpring</strong></span> <span class='ocrx_word' id='word_1_20' title='bbox 789 1274 876 1325; x_wconf 81' lang='lat' dir='ltr'><strong>the</strong></span> <span class='ocrx_word' id='word_1_21' title='bbox 900 1266 1163 1331; x_wconf 90' lang='lat' dir='ltr'><strong>studuit</strong></span> <span class='ocrx_word' id='word_1_22' title='bbox 1223 1263 1690 1346; x_wconf 73' lang='lat' dir='ltr'><strong>caementarios,</strong></span> <span class='ocrx_word' id='word_1_23' title='bbox 1737 1263 1856 1353; x_wconf 90' lang='lat' dir='ltr'><strong>qui</strong></span> <span class='ocrx_word' id='word_1_24' title='bbox 1921 1271 2105 1335; x_wconf 85' lang='lat' dir='ltr'><strong>recta</strong></span> <span class='ocrx_word' id='word_1_25' title='bbox 2162 1267 2562 1335; x_wconf 70' lang='lat' dir='ltr'><strong>rectitudine</strong></span> <span class='ocrx_word' id='word_1_26' title='bbox 2630 1266 2879 1355; x_wconf 80' lang='lat' dir='ltr'><strong>regulae</strong></span> <span class='ocrx_word' id='word_1_27' title='bbox 2944 1269 3016 1331; x_wconf 92' lang='lat' dir='ltr'><strong>et</strong></span> 
     </span>
     <span class='ocr_line' id='line_1_5' title="bbox 565 1342 3017 1458; baseline 0.001 -25"><span class='ocrx_word' id='word_1_28' title='bbox 565 1342 835 1458; x_wconf 48' lang='grc' dir='ltr'><strong>εἶξζζιξεὴθ</strong></span> <span class='ocrx_word' id='word_1_29' title='bbox 899 1368 1233 1455; x_wconf 83' lang='lat' dir='ltr'><strong>triangulo</strong></span> <span class='ocrx_word' id='word_1_30' title='bbox 1261 1368 1550 1436; x_wconf 89' lang='lat' dir='ltr'><strong>ternario</strong></span> <span class='ocrx_word' id='word_1_31' title='bbox 1579 1374 1781 1455; x_wconf 90' lang='lat' dir='ltr'><strong>atque</strong></span> <span class='ocrx_word' id='word_1_32' title='bbox 1812 1369 2057 1437; x_wconf 88' lang='lat' dir='ltr'><strong>circino</strong></span> <span class='ocrx_word' id='word_1_33' title='bbox 2086 1368 2331 1438; x_wconf 83' lang='lat' dir='ltr'><strong>scirent</strong></span> <span class='ocrx_word' id='word_1_34' title='bbox 2357 1367 2715 1437; x_wconf 87' lang='lat' dir='ltr'><strong>honorifice</strong></span> <span class='ocrx_word' id='word_1_35' title='bbox 2757 1387 3017 1435; x_wconf 80' lang='lat' dir='ltr'><strong>monas-</strong></span> 
     </span>
     <span class='ocr_line' id='line_1_6' title="bbox 564 1470 3013 1560; baseline 0 -25"><span class='ocrx_word' id='word_1_36' title='bbox 564 1489 784 1525; x_wconf 72' lang='lat' dir='ltr'><strong>masone.</strong></span> <span class='ocrx_word' id='word_1_37' title='bbox 898 1470 1052 1536; x_wconf 89' lang='lat' dir='ltr'><strong>terii</strong></span> <span class='ocrx_word' id='word_1_38' title='bbox 1095 1470 1533 1539; x_wconf 82' lang='lat' dir='ltr'><strong>fundamenta</strong></span> <span class='ocrx_word' id='word_1_39' title='bbox 1590 1471 1897 1538; x_wconf 79' lang='lat' dir='ltr'><strong>exordiri.</strong></span> <span class='ocrx_word' id='word_1_40' title='bbox 1990 1472 2120 1538; x_wconf 89' lang='lat' dir='ltr'><strong>His</strong></span> <span class='ocrx_word' id='word_1_41' title='bbox 2188 1472 2552 1560; x_wconf 87' lang='lat' dir='ltr'><strong>acquisitis,</strong></span> <span class='ocrx_word' id='word_1_42' title='bbox 2615 1475 3013 1539; x_wconf 72' lang='lat' dir='ltr'><strong>coementum</strong></span> 
     </span>
    </p>
   </div>
   <div class='ocr_carea' id='block_1_3' title="bbox 563 1569 3018 1662">
    <p class='ocr_par' dir='ltr' id='par_1_3' title="bbox 563 1569 3018 1662">
     <span class='ocr_line' id='line_1_7' title="bbox 563 1569 3018 1662; baseline 0.009 -29"><span class='ocrx_word' id='word_1_43' title='bbox 563 1569 700 1635; x_wconf 75' lang='lat' dir='ltr'><strong>Lays</strong></span> <span class='ocrx_word' id='word_1_44' title='bbox 723 1569 808 1621; x_wconf 79' lang='lat' dir='ltr'><strong>the</strong></span> <span class='ocrx_word' id='word_1_45' title='bbox 901 1576 1046 1639; x_wconf 90' lang='lat' dir='ltr'><strong>toto</strong></span> <span class='ocrx_word' id='word_1_46' title='bbox 1096 1571 1336 1640; x_wconf 90' lang='lat' dir='ltr'><strong>hiemis</strong></span> <span class='ocrx_word' id='word_1_47' title='bbox 1379 1578 1674 1660; x_wconf 90' lang='lat' dir='ltr'><strong>tempore</strong></span> <span class='ocrx_word' id='word_1_48' title='bbox 1719 1573 1895 1652; x_wconf 89' lang='lat' dir='ltr'><strong>fecit,</strong></span> <span class='ocrx_word' id='word_1_49' title='bbox 1940 1578 2012 1640; x_wconf 89' lang='lat' dir='ltr'><strong>et</strong></span> <span class='ocrx_word' id='word_1_50' title='bbox 2077 1578 2302 1661; x_wconf 86' lang='lat' dir='ltr'><strong>petras</strong></span> <span class='ocrx_word' id='word_1_51' title='bbox 2344 1573 2662 1662; x_wconf 84' lang='lat' dir='ltr'><strong>praecepit</strong></span> <span class='ocrx_word' id='word_1_52' title='bbox 2726 1573 3018 1654; x_wconf 49' lang='lat' dir='ltr'><strong>deferr&amp;</strong></span> 
     </span>
    </p>
   </div>
   <div class='ocr_carea' id='block_1_4' title="bbox 563 1636 3016 1764">
    <p class='ocr_par' dir='ltr' id='par_1_4' title="bbox 563 1636 3016 1764">
     <span class='ocr_line' id='line_1_8' title="bbox 563 1636 3016 1764; baseline -0.001 -22"><span class='ocrx_word' id='word_1_53' title='bbox 563 1636 786 1754; x_wconf 51' lang='grc' dir='ltr'>ἓὲἕὸᾱξξ</span> <span class='ocrx_word' id='word_1_54' title='bbox 903 1680 987 1752; x_wconf 89' lang='lat' dir='ltr'><strong>et,</strong></span> <span class='ocrx_word' id='word_1_55' title='bbox 1056 1675 1413 1763; x_wconf 69' lang='lat' dir='ltr'><strong>incipiente</strong></span> <span class='ocrx_word' id='word_1_56' title='bbox 1476 1675 1611 1742; x_wconf 89' lang='lat' dir='ltr'><strong>sole</strong></span> <span class='ocrx_word' id='word_1_57' title='bbox 1656 1673 1969 1764; x_wconf 81' lang='lat' dir='ltr'><strong>Cygnum</strong></span> <span class='ocrx_word' id='word_1_58' title='bbox 2029 1676 2377 1744; x_wconf 83' lang='lat' dir='ltr'><strong>ascendere</strong></span> <span class='ocrx_word' id='word_1_59' title='bbox 2442 1677 2518 1742; x_wconf 92' lang='lat' dir='ltr'><strong>in</strong></span> <span class='ocrx_word' id='word_1_60' title='bbox 2581 1676 2829 1756; x_wconf 89' lang='lat' dir='ltr'><strong>Ariete,</strong></span> <span class='ocrx_word' id='word_1_61' title='bbox 2873 1676 3016 1763; x_wconf 85' lang='lat' dir='ltr'><strong>ipse</strong></span> 
     </span>
    </p>
   </div>
   <div class='ocr_carea' id='block_1_5' title="bbox 560 1759 3015 2994">
    <p class='ocr_par' dir='ltr' id='par_1_5' title="bbox 564 1759 3015 2069">
     <span class='ocr_line' id='line_1_9' title="bbox 564 1759 3015 1865; baseline -0.001 -20"><span class='ocrx_word' id='word_1_62' title='bbox 564 1759 651 1820; x_wconf 73' lang='lat' dir='ltr'><strong>‘the</strong></span> <span class='ocrx_word' id='word_1_63' title='bbox 669 1769 877 1822; x_wconf 56' lang='grc' dir='ltr'><strong>σιωπῶ·</strong></span> <span class='ocrx_word' id='word_1_64' title='bbox 903 1777 1109 1865; x_wconf 69' lang='lat' dir='ltr'><strong>coepit</strong></span> <span class='ocrx_word' id='word_1_65' title='bbox 1168 1778 1605 1846; x_wconf 74' lang='lat' dir='ltr'><strong>fundamenta</strong></span> <span class='ocrx_word' id='word_1_66' title='bbox 1666 1778 1926 1846; x_wconf 60' lang='lat' dir='ltr'><strong>imam-i</strong></span> <span class='ocrx_word' id='word_1_67' title='bbox 1989 1779 2292 1847; x_wconf 66' lang='lat' dir='ltr'><strong>eeclesiae.</strong></span> <span class='ocrx_word' id='word_1_68' title='bbox 2416 1778 2747 1861; x_wconf 74' lang='lat' dir='ltr'><strong>Quoniam</strong></span> <span class='ocrx_word' id='word_1_69' title='bbox 2807 1778 3015 1865; x_wconf 77' lang='lat' dir='ltr'><strong>igitur</strong></span> 
     </span>
     <span class='ocr_line' id='line_1_10' title="bbox 902 1880 3014 1969; baseline 0 -24"><span class='ocrx_word' id='word_1_70' title='bbox 902 1880 1279 1946; x_wconf 73' lang='lat' dir='ltr'><strong>reverendae</strong></span> <span class='ocrx_word' id='word_1_71' title='bbox 1322 1880 1532 1948; x_wconf 88' lang='lat' dir='ltr'><strong>crucis</strong></span> <span class='ocrx_word' id='word_1_72' title='bbox 1560 1880 1752 1967; x_wconf 90' lang='lat' dir='ltr'><strong>signo</strong></span> <span class='ocrx_word' id='word_1_73' title='bbox 1794 1880 2144 1960; x_wconf 91' lang='lat' dir='ltr'><strong>munierat,</strong></span> <span class='ocrx_word' id='word_1_74' title='bbox 2168 1903 2286 1969; x_wconf 88' lang='lat' dir='ltr'><strong>per</strong></span> <span class='ocrx_word' id='word_1_75' title='bbox 2315 1882 2493 1968; x_wconf 91' lang='lat' dir='ltr'><strong>quod</strong></span> <span class='ocrx_word' id='word_1_76' title='bbox 2536 1902 2658 1947; x_wconf 89' lang='lat' dir='ltr'><strong>nos</strong></span> <span class='ocrx_word' id='word_1_77' title='bbox 2687 1880 3014 1948; x_wconf 88' lang='lat' dir='ltr'><strong>credimus</strong></span> 
     </span>
     <span class='ocr_line' id='line_1_11' title="bbox 902 1980 3015 2069; baseline -0 -21"><span class='ocrx_word' id='word_1_78' title='bbox 902 1981 1164 2060; x_wconf 73' lang='lat' dir='ltr'><strong>salvari,</strong></span> <span class='ocrx_word' id='word_1_79' title='bbox 1226 1980 1400 2048; x_wconf 90' lang='lat' dir='ltr'><strong>sicut</strong></span> <span class='ocrx_word' id='word_1_80' title='bbox 1458 1983 1529 2048; x_wconf 85' lang='lat' dir='ltr'><strong>et</strong></span> <span class='ocrx_word' id='word_1_81' title='bbox 1610 1981 1753 2067; x_wconf 89' lang='lat' dir='ltr'><strong>ipse</strong></span> <span class='ocrx_word' id='word_1_82' title='bbox 1822 1981 1971 2048; x_wconf 88' lang='lat' dir='ltr'><strong>ideo</strong></span> <span class='ocrx_word' id='word_1_83' title='bbox 2029 1981 2213 2048; x_wconf 91' lang='lat' dir='ltr'><strong>illius</strong></span> <span class='ocrx_word' id='word_1_84' title='bbox 2274 1981 2401 2049; x_wconf 90' lang='lat' dir='ltr'><strong>loci</strong></span> <span class='ocrx_word' id='word_1_85' title='bbox 2464 1982 2746 2051; x_wconf 83' lang='lat' dir='ltr'><strong>aedificia</strong></span> <span class='ocrx_word' id='word_1_86' title='bbox 2809 1982 3015 2069; x_wconf 88' lang='lat' dir='ltr'><strong>coepit</strong></span> 
     </span>
    </p>

    <p class='ocr_par' dir='ltr' id='par_1_6' title="bbox 563 2083 3011 2171">
     <span class='ocr_line' id='line_1_12' title="bbox 563 2083 3011 2171; baseline -0.001 -18"><span class='ocrx_word' id='word_1_87' title='bbox 563 2101 679 2153; x_wconf 77' lang='lat' dir='ltr'><strong>The</strong></span> <span class='ocrx_word' id='word_1_88' title='bbox 698 2101 834 2155; x_wconf 83' lang='lat' dir='ltr'><strong>form</strong></span> <span class='ocrx_word' id='word_1_89' title='bbox 901 2088 1278 2152; x_wconf 86' lang='lat' dir='ltr'><strong>construere</strong></span> <span class='ocrx_word' id='word_1_90' title='bbox 1321 2083 1395 2149; x_wconf 89' lang='lat' dir='ltr'><strong>in</strong></span> <span class='ocrx_word' id='word_1_91' title='bbox 1461 2083 1733 2149; x_wconf 89' lang='lat' dir='ltr'><strong>modum</strong></span> <span class='ocrx_word' id='word_1_92' title='bbox 1794 2083 2042 2166; x_wconf 84' lang='lat' dir='ltr'><strong>crucis3</strong></span> <span class='ocrx_word' id='word_1_93' title='bbox 2102 2084 2433 2171; x_wconf 92' lang='lat' dir='ltr'><strong>porticum</strong></span> <span class='ocrx_word' id='word_1_94' title='bbox 2477 2085 2554 2150; x_wconf 90' lang='lat' dir='ltr'><strong>in</strong></span> <span class='ocrx_word' id='word_1_95' title='bbox 2622 2086 2893 2166; x_wconf 87' lang='lat' dir='ltr'><strong>oriente,</strong></span> <span class='ocrx_word' id='word_1_96' title='bbox 2937 2085 3011 2151; x_wconf 90' lang='lat' dir='ltr'><strong>in</strong></span> 
     </span>
    </p>

    <p class='ocr_par' dir='ltr' id='par_1_7' title="bbox 563 2169 3013 2891">
     <span class='ocr_line' id='line_1_13' title="bbox 563 2169 3013 2289; baseline 0.001 -37"><span class='ocrx_word' id='word_1_97' title='bbox 563 2169 776 2289; x_wconf 37' lang='lat'><strong>2123&amp;</strong></span> <span class='ocrx_word' id='word_1_98' title='bbox 901 2186 1191 2266; x_wconf 89' lang='lat' dir='ltr'><strong>meridie,</strong></span> <span class='ocrx_word' id='word_1_99' title='bbox 1257 2189 1327 2251; x_wconf 90' lang='lat' dir='ltr'><strong>et</strong></span> <span class='ocrx_word' id='word_1_100' title='bbox 1392 2185 1466 2251; x_wconf 90' lang='lat' dir='ltr'><strong>in</strong></span> <span class='ocrx_word' id='word_1_101' title='bbox 1526 2185 1872 2272; x_wconf 83' lang='lat' dir='ltr'><strong>aquilone3</strong></span> <span class='ocrx_word' id='word_1_102' title='bbox 1931 2186 2172 2251; x_wconf 89' lang='lat' dir='ltr'><strong>turrim</strong></span> <span class='ocrx_word' id='word_1_103' title='bbox 2218 2186 2292 2251; x_wconf 91' lang='lat' dir='ltr'><strong>in</strong></span> <span class='ocrx_word' id='word_1_104' title='bbox 2366 2187 2602 2265; x_wconf 91' lang='lat' dir='ltr'><strong>medi0,</strong></span> <span class='ocrx_word' id='word_1_105' title='bbox 2665 2207 2798 2273; x_wconf 92' lang='lat' dir='ltr'><strong>quo</strong></span> <span class='ocrx_word' id='word_1_106' title='bbox 2870 2208 3013 2253; x_wconf 88' lang='lat' dir='ltr'><strong>sus·</strong></span> 
     </span>
     <span class='ocr_line' id='line_1_14' title="bbox 900 2289 3003 2378; baseline 0 -22"><span class='ocrx_word' id='word_1_107' title='bbox 900 2294 1275 2357; x_wconf 87' lang='lat' dir='ltr'><strong>tentaretur</strong></span> <span class='ocrx_word' id='word_1_108' title='bbox 1302 2310 1345 2355; x_wconf 90' lang='lat' dir='ltr'><strong>a</strong></span> <span class='ocrx_word' id='word_1_109' title='bbox 1373 2289 1734 2376; x_wconf 87' lang='lat' dir='ltr'><strong>porticibus</strong></span> <span class='ocrx_word' id='word_1_110' title='bbox 1769 2289 1976 2376; x_wconf 86' lang='lat' dir='ltr'><strong>juxta</strong></span> <span class='ocrx_word' id='word_1_111' title='bbox 2004 2311 2074 2357; x_wconf 86' lang='lat' dir='ltr'><strong>se</strong></span> <span class='ocrx_word' id='word_1_112' title='bbox 2119 2289 2477 2357; x_wconf 85' lang='lat' dir='ltr'><strong>fatantium</strong></span> <span class='ocrx_word' id='word_1_113' title='bbox 2522 2290 2926 2378; x_wconf 85' lang='lat' dir='ltr'><strong>amplificato</strong></span> <span class='ocrx_word' id='word_1_114' title='bbox 2948 2289 3003 2371; x_wconf 74' lang='grc' dir='ltr'><strong>;ι</strong></span> 
     </span>
     <span class='ocr_line' id='line_1_15' title="bbox 901 2390 3010 2473; baseline 0 -15"><span class='ocrx_word' id='word_1_115' title='bbox 901 2392 1142 2459; x_wconf 91' lang='lat' dir='ltr'><strong>dehinc</strong></span> <span class='ocrx_word' id='word_1_116' title='bbox 1202 2392 1541 2459; x_wconf 85' lang='lat' dir='ltr'><strong>ecclesiam</strong></span> <span class='ocrx_word' id='word_1_117' title='bbox 1606 2392 1682 2458; x_wconf 91' lang='lat' dir='ltr'><strong>in</strong></span> <span class='ocrx_word' id='word_1_118' title='bbox 1748 2392 2087 2460; x_wconf 88' lang='lat' dir='ltr'><strong>occidente</strong></span> <span class='ocrx_word' id='word_1_119' title='bbox 2163 2394 2335 2459; x_wconf 90' lang='lat' dir='ltr'><strong>turri</strong></span> <span class='ocrx_word' id='word_1_120' title='bbox 2352 2390 2378 2432; x_wconf 76' lang='lat'>²</span> <span class='ocrx_word' id='word_1_121' title='bbox 2445 2393 2788 2473; x_wconf 83' lang='lat' dir='ltr'><strong>annexuit,</strong></span> <span class='ocrx_word' id='word_1_122' title='bbox 2857 2414 3010 2461; x_wconf 90' lang='lat' dir='ltr'><strong>con-</strong></span> 
     </span>
     <span class='ocr_line' id='line_1_16' title="bbox 898 2493 3007 2582; baseline 0.002 -25"><span class='ocrx_word' id='word_1_123' title='bbox 898 2493 1110 2560; x_wconf 88' lang='lat' dir='ltr'><strong>fidens</strong></span> <span class='ocrx_word' id='word_1_124' title='bbox 1174 2514 1570 2581; x_wconf 82' lang='lat' dir='ltr'><strong>magnopere</strong></span> <span class='ocrx_word' id='word_1_125' title='bbox 1635 2493 1711 2558; x_wconf 89' lang='lat' dir='ltr'><strong>in</strong></span> <span class='ocrx_word' id='word_1_126' title='bbox 1773 2494 2127 2561; x_wconf 86' lang='lat' dir='ltr'><strong>clementia</strong></span> <span class='ocrx_word' id='word_1_127' title='bbox 2195 2494 2455 2561; x_wconf 89' lang='lat' dir='ltr'><strong>Summi</strong></span> <span class='ocrx_word' id='word_1_128' title='bbox 2516 2495 2736 2582; x_wconf 87' lang='lat' dir='ltr'><strong>Regis,</strong></span> <span class='ocrx_word' id='word_1_129' title='bbox 2798 2500 2868 2561; x_wconf 92' lang='lat' dir='ltr'><strong>et</strong></span> <span class='ocrx_word' id='word_1_130' title='bbox 2932 2496 3007 2561; x_wconf 91' lang='lat' dir='ltr'><strong>in</strong></span> 
     </span>
     <span class='ocr_line' id='line_1_17' title="bbox 897 2594 3008 2681; baseline 0.001 -19"><span class='ocrx_word' id='word_1_131' title='bbox 897 2596 1265 2681; x_wconf 84' lang='lat' dir='ltr'><strong>patrocinio</strong></span> <span class='ocrx_word' id='word_1_132' title='bbox 1338 2594 1737 2662; x_wconf 81' lang='lat' dir='ltr'><strong>sanctissimi</strong></span> <span class='ocrx_word' id='word_1_133' title='bbox 1814 2595 2163 2664; x_wconf 84' lang='lat' dir='ltr'><strong>Benedicti</strong></span> <span class='ocrx_word' id='word_1_134' title='bbox 2238 2596 2516 2664; x_wconf 88' lang='lat' dir='ltr'><strong>abbatis.</strong></span> <span class='ocrx_word' id='word_1_135' title='bbox 2608 2597 2791 2663; x_wconf 91' lang='lat' dir='ltr'><strong>Dum</strong></span> <span class='ocrx_word' id='word_1_136' title='bbox 2864 2596 3008 2665; x_wconf 81' lang='lat' dir='ltr'><strong>haec</strong></span> 
     </span>
     <span class='ocr_line' id='line_1_18' title="bbox 896 2696 3006 2787; baseline 0.001 -24"><span class='ocrx_word' id='word_1_137' title='bbox 896 2702 1190 2784; x_wconf 85' lang='lat' dir='ltr'><strong>aguntur</strong></span> <span class='ocrx_word' id='word_1_138' title='bbox 1231 2698 1306 2763; x_wconf 90' lang='lat' dir='ltr'><strong>in</strong></span> <span class='ocrx_word' id='word_1_139' title='bbox 1349 2696 1466 2764; x_wconf 81' lang='lat' dir='ltr'><strong>ino</strong></span> <span class='ocrx_word' id='word_1_140' title='bbox 1510 2696 1653 2765; x_wconf 91' lang='lat' dir='ltr'><strong>loco</strong></span> <span class='ocrx_word' id='word_1_141' title='bbox 1696 2698 1984 2778; x_wconf 72' lang='lat' dir='ltr'><strong>assidue,</strong></span> <span class='ocrx_word' id='word_1_142' title='bbox 2025 2720 2226 2786; x_wconf 87' lang='lat' dir='ltr'><strong>quam</strong></span> <span class='ocrx_word' id='word_1_143' title='bbox 2269 2700 2580 2767; x_wconf 77' lang='lat' dir='ltr'><strong>ardenter</strong></span> <span class='ocrx_word' id='word_1_144' title='bbox 2622 2699 2741 2767; x_wconf 85' lang='lat' dir='ltr'><strong>alii</strong></span> <span class='ocrx_word' id='word_1_145' title='bbox 2783 2706 3006 2787; x_wconf 88' lang='lat' dir='ltr'><strong>patres</strong></span> 
     </span>
     <span class='ocr_line' id='line_1_19' title="bbox 896 2798 3007 2891; baseline 0.002 -26"><span class='ocrx_word' id='word_1_146' title='bbox 896 2803 1249 2887; x_wconf 82' lang='lat' dir='ltr'><strong>gesserant,</strong></span> <span class='ocrx_word' id='word_1_147' title='bbox 1296 2798 1526 2865; x_wconf 91' lang='lat' dir='ltr'><strong>eodem</strong></span> <span class='ocrx_word' id='word_1_148' title='bbox 1584 2799 1827 2886; x_wconf 90' lang='lat' dir='ltr'><strong>spiritu</strong></span> <span class='ocrx_word' id='word_1_149' title='bbox 1870 2799 2098 2880; x_wconf 84' lang='lat' dir='ltr'><strong>afflati,</strong></span> <span class='ocrx_word' id='word_1_150' title='bbox 2143 2802 2293 2888; x_wconf 89' lang='lat' dir='ltr'><strong>quis</strong></span> <span class='ocrx_word' id='word_1_151' title='bbox 2351 2802 2696 2868; x_wconf 88' lang='lat' dir='ltr'><strong>roboratus</strong></span> <span class='ocrx_word' id='word_1_152' title='bbox 2740 2801 3007 2891; x_wconf 89' lang='lat' dir='ltr'><strong>ingenio</strong></span> 
     </span>
    </p>

    <p class='ocr_par' dir='ltr' id='par_1_8' title="bbox 560 2902 2998 2994">
     <span class='ocr_line' id='line_1_20' title="bbox 560 2902 2998 2994; baseline 0.002 -26"><span class='ocrx_word' id='word_1_153' title='bbox 560 2904 671 2956; x_wconf 79' lang='lat' dir='ltr'><strong>The</strong></span> <span class='ocrx_word' id='word_1_154' title='bbox 690 2907 799 2957; x_wconf 75' lang='lat' dir='ltr'><strong>zea]</strong></span> <span class='ocrx_word' id='word_1_155' title='bbox 818 2905 878 2958; x_wconf 85' lang='lat' dir='ltr'><strong>of</strong></span> <span class='ocrx_word' id='word_1_156' title='bbox 898 2902 1174 2969; x_wconf 89' lang='lat' dir='ltr'><strong>Homeri</strong></span> <span class='ocrx_word' id='word_1_157' title='bbox 1231 2906 1453 2989; x_wconf 92' lang='lat' dir='ltr'><strong>potest</strong></span> <span class='ocrx_word' id='word_1_158' title='bbox 1497 2902 1834 2989; x_wconf 68' lang='lat' dir='ltr'><strong>exprimi?</strong></span> <span class='ocrx_word' id='word_1_159' title='bbox 1924 2903 2300 2971; x_wconf 71' lang='lat' dir='ltr'><strong>Praesertim</strong></span> <span class='ocrx_word' id='word_1_160' title='bbox 2342 2903 2469 2971; x_wconf 92' lang='lat' dir='ltr'><strong>hoc</strong></span> <span class='ocrx_word' id='word_1_161' title='bbox 2529 2910 2808 2992; x_wconf 79' lang='lat' dir='ltr'><strong>egenmt</strong></span> <span class='ocrx_word' id='word_1_162' title='bbox 2850 2927 2998 2994; x_wconf 87' lang='lat' dir='ltr'><strong>pas-</strong></span> 
     </span>
    </p>
   </div>
   <div class='ocr_carea' id='block_1_6' title="bbox 437 2972 806 3024">
    <p class='ocr_par' dir='ltr' id='par_1_9' title="bbox 437 2972 806 3024">
     <span class='ocr_line' id='line_1_21' title="bbox 437 2972 806 3024; baseline 0.008 -3"><span class='ocrx_word' id='word_1_163' title='bbox 437 2976 444 2982; x_wconf 85' lang='lat'>&#39;</span> <span class='ocrx_word' id='word_1_164' title='bbox 556 2972 730 3022; x_wconf 86' lang='lat' dir='ltr'><strong>others</strong></span> <span class='ocrx_word' id='word_1_165' title='bbox 751 2972 806 3024; x_wconf 90' lang='lat' dir='ltr'><strong>in</strong></span> 
     </span>
    </p>
   </div>
   <div class='ocr_carea' id='block_1_7' title="bbox 551 3004 3006 4222">
    <p class='ocr_par' dir='ltr' id='par_1_10' title="bbox 551 3004 3006 4222">
     <span class='ocr_line' id='line_1_22' title="bbox 559 3004 3003 3093; baseline 0.001 -21"><span class='ocrx_word' id='word_1_166' title='bbox 559 3038 644 3088; x_wconf 63' lang='lat' dir='ltr'><strong>th„</strong></span> <span class='ocrx_word' id='word_1_167' title='bbox 669 3047 868 3093; x_wconf 78' lang='lat' dir='ltr'><strong>matter.</strong></span> <span class='ocrx_word' id='word_1_168' title='bbox 896 3011 1072 3072; x_wconf 89' lang='lat' dir='ltr'><strong>tores</strong></span> <span class='ocrx_word' id='word_1_169' title='bbox 1114 3004 1347 3092; x_wconf 92' lang='lat' dir='ltr'><strong>populi</strong></span> <span class='ocrx_word' id='word_1_170' title='bbox 1391 3009 1461 3071; x_wconf 90' lang='lat' dir='ltr'><strong>et</strong></span> <span class='ocrx_word' id='word_1_171' title='bbox 1517 3004 1850 3093; x_wconf 85' lang='lat' dir='ltr'><strong>principes</strong></span> <span class='ocrx_word' id='word_1_172' title='bbox 1892 3005 2378 3087; x_wconf 85' lang='lat' dir='ltr'><strong>monachorum,</strong></span> <span class='ocrx_word' id='word_1_173' title='bbox 2426 3006 2743 3093; x_wconf 85' lang='lat' dir='ltr'><strong>quoniam</strong></span> <span class='ocrx_word' id='word_1_174' title='bbox 2785 3007 3003 3075; x_wconf 89' lang='lat' dir='ltr'><strong>lucide</strong></span> 
     </span>
     <span class='ocr_line' id='line_1_23' title="bbox 894 3107 3005 3198; baseline 0.002 -23"><span class='ocrx_word' id='word_1_175' title='bbox 894 3112 1310 3195; x_wconf 81' lang='lat' dir='ltr'><strong>agnoverunt</strong></span> <span class='ocrx_word' id='word_1_176' title='bbox 1370 3107 1832 3194; x_wconf 85' lang='lat' dir='ltr'><strong>imperatorem</strong></span> <span class='ocrx_word' id='word_1_177' title='bbox 1898 3109 2573 3198; x_wconf 73' lang='lat' dir='ltr'><strong>praepotentissimum</strong></span> <span class='ocrx_word' id='word_1_178' title='bbox 2634 3110 2761 3180; x_wconf 91' lang='lat' dir='ltr'><strong>hoc</strong></span> <span class='ocrx_word' id='word_1_179' title='bbox 2813 3111 3005 3191; x_wconf 86' lang='lat' dir='ltr'><strong>velle,</strong></span> 
     </span>
     <span class='ocr_line' id='line_1_24' title="bbox 894 3209 3006 3299; baseline 0.001 -23"><span class='ocrx_word' id='word_1_180' title='bbox 894 3213 1013 3296; x_wconf 90' lang='lat' dir='ltr'><strong>qui</strong></span> <span class='ocrx_word' id='word_1_181' title='bbox 1079 3216 1224 3278; x_wconf 89' lang='lat' dir='ltr'><strong>erat</strong></span> <span class='ocrx_word' id='word_1_182' title='bbox 1288 3209 1548 3297; x_wconf 84' lang='lat' dir='ltr'><strong>Spiritu</strong></span> <span class='ocrx_word' id='word_1_183' title='bbox 1590 3211 1828 3299; x_wconf 92' lang='lat' dir='ltr'><strong>plenus</strong></span> <span class='ocrx_word' id='word_1_184' title='bbox 1890 3211 2159 3292; x_wconf 83' lang='lat' dir='ltr'><strong>Christi,</strong></span> <span class='ocrx_word' id='word_1_185' title='bbox 2230 3212 2444 3294; x_wconf 82' lang='lat' dir='ltr'><strong>Quem</strong></span> <span class='ocrx_word' id='word_1_186' title='bbox 2516 3212 2873 3281; x_wconf 83' lang='lat' dir='ltr'><strong>honoravit</strong></span> <span class='ocrx_word' id='word_1_187' title='bbox 2932 3215 3006 3279; x_wconf 89' lang='lat' dir='ltr'><strong>in</strong></span> 
     </span>
     <span class='ocr_line' id='line_1_25' title="bbox 894 3312 3004 3402; baseline 0.002 -24"><span class='ocrx_word' id='word_1_188' title='bbox 894 3334 1097 3399; x_wconf 89' lang='lat' dir='ltr'><strong>regno</strong></span> <span class='ocrx_word' id='word_1_189' title='bbox 1127 3312 1256 3379; x_wconf 89' lang='lat' dir='ltr'><strong>sibi</strong></span> <span class='ocrx_word' id='word_1_190' title='bbox 1300 3313 1389 3379; x_wconf 89' lang='lat' dir='ltr'><strong>ab</strong></span> <span class='ocrx_word' id='word_1_191' title='bbox 1420 3312 1518 3380; x_wconf 90' lang='lat' dir='ltr'><strong>Eo</strong></span> <span class='ocrx_word' id='word_1_192' title='bbox 1548 3334 1941 3381; x_wconf 89' lang='lat' dir='ltr'><strong>concessum.</strong></span> <span class='ocrx_word' id='word_1_193' title='bbox 2019 3313 2322 3401; x_wconf 87' lang='lat' dir='ltr'><strong>Urgebat</strong></span> <span class='ocrx_word' id='word_1_194' title='bbox 2349 3314 2578 3381; x_wconf 87' lang='lat' dir='ltr'><strong>eadem</strong></span> <span class='ocrx_word' id='word_1_195' title='bbox 2608 3320 3004 3402; x_wconf 86' lang='lat' dir='ltr'><strong>tempestate</strong></span> 
     </span>
     <span class='ocr_line' id='line_1_26' title="bbox 894 3417 3001 3507; baseline 0.002 -25"><span class='ocrx_word' id='word_1_196' title='bbox 894 3417 1288 3505; x_wconf 88' lang='lat' dir='ltr'><strong>imperios[i]</strong></span> <span class='ocrx_word' id='word_1_197' title='bbox 1372 3418 1546 3505; x_wconf 87' lang='lat' dir='ltr'><strong>regis</strong></span> <span class='ocrx_word' id='word_1_198' title='bbox 1619 3424 2043 3506; x_wconf 73' lang='lat' dir='ltr'><strong>praeceptum,</strong></span> <span class='ocrx_word' id='word_1_199' title='bbox 2120 3417 2299 3504; x_wconf 89' lang='lat' dir='ltr'><strong>quod</strong></span> <span class='ocrx_word' id='word_1_200' title='bbox 2370 3440 2565 3485; x_wconf 88' lang='lat' dir='ltr'><strong>nemo</strong></span> <span class='ocrx_word' id='word_1_201' title='bbox 2639 3417 3001 3507; x_wconf 79' lang='lat' dir='ltr'><strong>infringere</strong></span> 
     </span>
     <span class='ocr_line' id='line_1_27' title="bbox 892 3522 3003 3610; baseline 0.001 -22"><span class='ocrx_word' id='word_1_202' title='bbox 892 3543 1094 3588; x_wconf 86' lang='lat' dir='ltr'><strong>ausus</strong></span> <span class='ocrx_word' id='word_1_203' title='bbox 1158 3527 1317 3601; x_wconf 85' lang='lat' dir='ltr'><strong>erat,</strong></span> <span class='ocrx_word' id='word_1_204' title='bbox 1363 3543 1486 3589; x_wconf 91' lang='lat' dir='ltr'><strong>nec</strong></span> <span class='ocrx_word' id='word_1_205' title='bbox 1541 3522 1893 3590; x_wconf 87' lang='lat' dir='ltr'><strong>temerario</strong></span> <span class='ocrx_word' id='word_1_206' title='bbox 1961 3544 2071 3589; x_wconf 89' lang='lat' dir='ltr'><strong>ore</strong></span> <span class='ocrx_word' id='word_1_207' title='bbox 2123 3523 2584 3591; x_wconf 84' lang='lat' dir='ltr'><strong>contradicere.</strong></span> <span class='ocrx_word' id='word_1_208' title='bbox 2678 3522 3003 3610; x_wconf 81' lang='lat' dir='ltr'><strong>Praecepit</strong></span> 
     </span>
     <span class='ocr_line' id='line_1_28' title="bbox 557 3622 2997 3711; baseline 0.003 -26"><span class='ocrx_word' id='word_1_209' title='bbox 557 3628 672 3680; x_wconf 82' lang='lat' dir='ltr'><strong>The</strong></span> <span class='ocrx_word' id='word_1_210' title='bbox 692 3629 820 3697; x_wconf 78' lang='lat' dir='ltr'><strong>king</strong></span> <span class='ocrx_word' id='word_1_211' title='bbox 893 3622 1363 3691; x_wconf 85' lang='lat' dir='ltr'><strong>facundissimo</strong></span> <span class='ocrx_word' id='word_1_212' title='bbox 1393 3623 1644 3710; x_wconf 84' lang='lat' dir='ltr'><strong>pastori</strong></span> <span class='ocrx_word' id='word_1_213' title='bbox 1691 3623 1979 3690; x_wconf 84' lang='lat' dir='ltr'><strong>ecclesiae</strong></span> <span class='ocrx_word' id='word_1_214' title='bbox 2012 3623 2265 3691; x_wconf 86' lang='lat' dir='ltr'><strong>Christi</strong></span> <span class='ocrx_word' id='word_1_215' title='bbox 2310 3646 2460 3711; x_wconf 85' lang='lat' dir='ltr'><strong>quae</strong></span> <span class='ocrx_word' id='word_1_216' title='bbox 2505 3629 2608 3690; x_wconf 89' lang='lat' dir='ltr'><strong>est</strong></span> <span class='ocrx_word' id='word_1_217' title='bbox 2651 3623 2724 3689; x_wconf 90' lang='lat' dir='ltr'><strong>in</strong></span> <span class='ocrx_word' id='word_1_218' title='bbox 2754 3623 2997 3694; x_wconf 81' lang='lat' dir='ltr'><strong>Cantia</strong></span> 
     </span>
     <span class='ocr_line' id='line_1_29' title="bbox 553 3695 3003 3811; baseline 0.002 -22"><span class='ocrx_word' id='word_1_219' title='bbox 553 3695 699 3761; x_wconf 51' lang='grc' dir='ltr'><strong>ΜΝ</strong></span> <span class='ocrx_word' id='word_1_220' title='bbox 715 3697 870 3760; x_wconf 58' lang='grc' dir='ltr'><strong>*Μ’</strong></span> <span class='ocrx_word' id='word_1_221' title='bbox 894 3724 1184 3803; x_wconf 55' lang='lat' dir='ltr'><strong>civitate,</strong></span> <span class='ocrx_word' id='word_1_222' title='bbox 1248 3730 1328 3791; x_wconf 69' lang='lat' dir='ltr'><strong>ut</strong></span> <span class='ocrx_word' id='word_1_223' title='bbox 1393 3724 1535 3811; x_wconf 76' lang='lat' dir='ltr'><strong>ipse</strong></span> <span class='ocrx_word' id='word_1_224' title='bbox 1580 3723 2044 3791; x_wconf 68' lang='lat' dir='ltr'><strong>Athelwoldus</strong></span> <span class='ocrx_word' id='word_1_225' title='bbox 2104 3724 2469 3791; x_wconf 68' lang='lat' dir='ltr'><strong>wintoniae</strong></span> <span class='ocrx_word' id='word_1_226' title='bbox 2532 3724 2826 3791; x_wconf 72' lang='lat' dir='ltr'><strong>civitatis</strong></span> <span class='ocrx_word' id='word_1_227' title='bbox 2887 3726 3003 3793; x_wconf 71' lang='lat' dir='ltr'><strong>de-</strong></span> 
     </span>
     <span class='ocr_line' id='line_1_30' title="bbox 555 3780 3000 3914; baseline 0 -23"><span class='ocrx_word' id='word_1_228' title='bbox 555 3780 866 3912; x_wconf 52' lang='lat' dir='ltr'><strong>ffisshfflhop</strong></span> <span class='ocrx_word' id='word_1_229' title='bbox 891 3845 1028 3905; x_wconf 92' lang='lat' dir='ltr'><strong>cus,</strong></span> <span class='ocrx_word' id='word_1_230' title='bbox 1073 3825 1188 3891; x_wconf 89' lang='lat' dir='ltr'><strong>sed</strong></span> <span class='ocrx_word' id='word_1_231' title='bbox 1231 3830 1303 3892; x_wconf 89' lang='lat' dir='ltr'><strong>et</strong></span> <span class='ocrx_word' id='word_1_232' title='bbox 1349 3824 1699 3892; x_wconf 84' lang='lat' dir='ltr'><strong>Oswaldus</strong></span> <span class='ocrx_word' id='word_1_233' title='bbox 1743 3825 2199 3914; x_wconf 79' lang='lat' dir='ltr'><strong>wigornensis</strong></span> <span class='ocrx_word' id='word_1_234' title='bbox 2244 3827 2586 3913; x_wconf 88' lang='lat' dir='ltr'><strong>episcopus</strong></span> <span class='ocrx_word' id='word_1_235' title='bbox 2631 3826 2875 3894; x_wconf 89' lang='lat' dir='ltr'><strong>scirent</strong></span> <span class='ocrx_word' id='word_1_236' title='bbox 2920 3834 3000 3892; x_wconf 92' lang='lat' dir='ltr'><strong>ut</strong></span> 
     </span>
     <span class='ocr_line' id='line_1_31' title="bbox 551 3911 2996 4047; baseline 0.001 -52"><span class='ocrx_word' id='word_1_237' title='bbox 551 3911 845 4047; x_wconf 51' lang='lat' dir='ltr'><strong>{flgffitgs</strong></span> <span class='ocrx_word' id='word_1_238' title='bbox 891 3930 1114 3996; x_wconf 88' lang='lat' dir='ltr'><strong>omnia</strong></span> <span class='ocrx_word' id='word_1_239' title='bbox 1156 3929 1543 3997; x_wconf 88' lang='lat' dir='ltr'><strong>monasterii</strong></span> <span class='ocrx_word' id='word_1_240' title='bbox 1586 3929 1731 3996; x_wconf 82' lang='lat' dir='ltr'><strong>loca</strong></span> <span class='ocrx_word' id='word_1_241' title='bbox 1773 3934 1995 3997; x_wconf 89' lang='lat' dir='ltr'><strong>essent</strong></span> <span class='ocrx_word' id='word_1_242' title='bbox 2039 3951 2189 3996; x_wconf 91' lang='lat' dir='ltr'><strong>cum</strong></span> <span class='ocrx_word' id='word_1_243' title='bbox 2232 3931 2573 3998; x_wconf 83' lang='lat' dir='ltr'><strong>monachis</strong></span> <span class='ocrx_word' id='word_1_244' title='bbox 2618 3930 2996 4011; x_wconf 85' lang='lat' dir='ltr'><strong>constituta,</strong></span> 
     </span>
     <span class='ocr_line' id='line_1_32' title="bbox 890 4031 2999 4119; baseline 0 -21"><span class='ocrx_word' id='word_1_245' title='bbox 890 4032 1270 4119; x_wconf 87' lang='lat' dir='ltr'><strong>pariterque</strong></span> <span class='ocrx_word' id='word_1_246' title='bbox 1299 4052 1449 4099; x_wconf 90' lang='lat' dir='ltr'><strong>cum</strong></span> <span class='ocrx_word' id='word_1_247' title='bbox 1495 4031 1911 4111; x_wconf 87' lang='lat' dir='ltr'><strong>monialibus,</strong></span> <span class='ocrx_word' id='word_1_248' title='bbox 1943 4032 2120 4118; x_wconf 93' lang='lat' dir='ltr'><strong>quod</strong></span> <span class='ocrx_word' id='word_1_249' title='bbox 2167 4053 2325 4098; x_wconf 84' lang='lat' dir='ltr'><strong>mox</strong></span> <span class='ocrx_word' id='word_1_250' title='bbox 2354 4033 2523 4098; x_wconf 86' lang='lat' dir='ltr'><strong>mira</strong></span> <span class='ocrx_word' id='word_1_251' title='bbox 2553 4036 2624 4098; x_wconf 91' lang='lat' dir='ltr'><strong>et</strong></span> <span class='ocrx_word' id='word_1_252' title='bbox 2667 4033 2999 4101; x_wconf 86' lang='lat' dir='ltr'><strong>constanti</strong></span> 
     </span>
     <span class='ocr_line' id='line_1_33' title="bbox 889 4132 3000 4222; baseline 0.001 -24"><span class='ocrx_word' id='word_1_253' title='bbox 889 4132 1244 4200; x_wconf 83' lang='lat' dir='ltr'><strong>velocitate</strong></span> <span class='ocrx_word' id='word_1_254' title='bbox 1289 4138 1693 4219; x_wconf 67' lang='lat' dir='ltr'><strong>patravere,⁸</strong></span> <span class='ocrx_word' id='word_1_255' title='bbox 1736 4132 1897 4218; x_wconf 87' lang='lat' dir='ltr'><strong>quia</strong></span> <span class='ocrx_word' id='word_1_256' title='bbox 1962 4133 2269 4200; x_wconf 88' lang='lat' dir='ltr'><strong>ardentes</strong></span> <span class='ocrx_word' id='word_1_257' title='bbox 2316 4137 2511 4201; x_wconf 90' lang='lat' dir='ltr'><strong>erant</strong></span> <span class='ocrx_word' id='word_1_258' title='bbox 2553 4134 2627 4200; x_wconf 90' lang='lat' dir='ltr'><strong>in</strong></span> <span class='ocrx_word' id='word_1_259' title='bbox 2695 4135 3000 4222; x_wconf 90' lang='lat' dir='ltr'><strong>operibus</strong></span> 
     </span>
    </p>
   </div>
   <div class='ocr_carea' id='block_1_8' title="bbox 889 4235 2024 4304">
    <p class='ocr_par' dir='ltr' id='par_1_11' title="bbox 889 4235 2024 4304">
     <span class='ocr_line' id='line_1_34' title="bbox 889 4235 2024 4304; baseline 0 -1"><span class='ocrx_word' id='word_1_260' title='bbox 889 4237 1028 4303; x_wconf 87' lang='lat' dir='ltr'><strong>suis</strong></span> <span class='ocrx_word' id='word_1_261' title='bbox 1074 4240 1145 4302; x_wconf 90' lang='lat' dir='ltr'><strong>et</strong></span> <span class='ocrx_word' id='word_1_262' title='bbox 1189 4236 1401 4304; x_wconf 89' lang='lat' dir='ltr'><strong>sancti</strong></span> <span class='ocrx_word' id='word_1_263' title='bbox 1447 4236 1520 4303; x_wconf 92' lang='lat' dir='ltr'><strong>in</strong></span> <span class='ocrx_word' id='word_1_264' title='bbox 1564 4235 1826 4304; x_wconf 83' lang='lat' dir='ltr'><strong>actibus</strong></span> <span class='ocrx_word' id='word_1_265' title='bbox 1872 4236 2024 4303; x_wconf 76' lang='lat' dir='ltr'><strong>suiS.</strong></span> 
     </span>
    </p>
   </div>
   <div class='ocr_carea' id='block_1_9' title="bbox 1560 4399 3041 4477">
    <p class='ocr_par' dir='ltr' id='par_1_12' title="bbox 1560 4399 3041 4477">
     <span class='ocr_line' id='line_1_35' title="bbox 1560 4399 3041 4477; baseline 0.001 -30"><span class='ocrx_word' id='word_1_266' title='bbox 1560 4407 1582 4430; x_wconf 76' lang='lat'>⁵</span> <span class='ocrx_word' id='word_1_267' title='bbox 1601 4399 1884 4456; x_wconf 71' lang='lat' dir='ltr'><strong>patravere]</strong></span> <span class='ocrx_word' id='word_1_268' title='bbox 1904 4403 2149 4456; x_wconf 69' lang='lat' dir='ltr'><strong>mrteoooe,</strong></span> <span class='ocrx_word' id='word_1_269' title='bbox 2164 4402 2327 4448; x_wconf 66' lang='lat' dir='ltr'><strong>interl.</strong></span> <span class='ocrx_word' id='word_1_270' title='bbox 2964 4432 3041 4477; x_wconf 52' lang='lat'><strong>‘¹-</strong></span> 
     </span>
    </p>
   </div>
   <div class='ocr_carea' id='block_1_10' title="bbox 883 4688 2640 4823">
    <p class='ocr_par' dir='ltr' id='par_1_13' title="bbox 883 4688 2640 4823">
     <span class='ocr_line' id='line_1_36' title="bbox 953 4688 2640 4757; baseline 0.001 -16"><span class='ocrx_word' id='word_1_271' title='bbox 953 4691 970 4724; x_wconf 84' lang='lat'><strong>¹</strong></span> <span class='ocrx_word' id='word_1_272' title='bbox 1004 4690 1094 4741; x_wconf 84' lang='lat' dir='ltr'><strong>An</strong></span> <span class='ocrx_word' id='word_1_273' title='bbox 1138 4690 1351 4741; x_wconf 81' lang='lat' dir='ltr'><strong>obscure</strong></span> <span class='ocrx_word' id='word_1_274' title='bbox 1383 4691 1487 4742; x_wconf 83' lang='lat' dir='ltr'><strong>and</strong></span> <span class='ocrx_word' id='word_1_275' title='bbox 1533 4697 1740 4755; x_wconf 86' lang='lat' dir='ltr'><strong>corrupt</strong></span> <span class='ocrx_word' id='word_1_276' title='bbox 1776 4703 1892 4742; x_wconf 87' lang='lat' dir='ltr'><strong>sen·</strong></span> <span class='ocrx_word' id='word_1_277' title='bbox 2062 4688 2086 4722; x_wconf 76' lang='lat'>²</span> <span class='ocrx_word' id='word_1_278' title='bbox 2117 4689 2273 4757; x_wconf 75' lang='lat' dir='ltr'><strong>turri]</strong></span> <span class='ocrx_word' id='word_1_279' title='bbox 2302 4689 2500 4753; x_wconf 85' lang='lat' dir='ltr'><strong>turrim,</strong></span> <span class='ocrx_word' id='word_1_280' title='bbox 2519 4691 2640 4745; x_wconf 85' lang='lat' dir='ltr'><strong>MS.</strong></span> 
     </span>
     <span class='ocr_line' id='line_1_37' title="bbox 883 4778 1047 4823; baseline 0 0"><span class='ocrx_word' id='word_1_281' title='bbox 883 4778 1047 4823; x_wconf 82' lang='lat' dir='ltr'><strong>tence.</strong></span> 
     </span>
    </p>
   </div>
   <div class='ocr_carea' id='block_1_11' title="bbox 3042 4478 3513 4719">
    <p class='ocr_par' dir='ltr' id='par_1_14' title="bbox 3042 4478 3513 4719">
     <span class='ocr_line' id='line_1_38' title="bbox 3042 4478 3513 4719; baseline 0 -232"><span class='ocrx_word' id='word_1_282' title='bbox 3042 4478 3513 4719; x_wconf 35' lang='lat' dir='ltr'><strong>„N</strong></span> 
     </span>
    </p>
   </div>
  </div>
 </body>
</html>
