3600 5800
875 846 1007 909 314
1633 856 1798 907 ALIA
1844 857 2204 908 MIRACULA

872 1049 996 1112 bus
1040 1051 1203 1111 tunc
1246 1046 1680 1133 praesentibus
1712 1049 1781 1110 et
1825 1046 1949 1111 hoc
1992 1045 2429 1123 cernentibus„
2460 1049 2693 1132 utpote
2721 1046 2976 1110 solenni

872 1150 995 1215 die.
1090 1149 1285 1230 Quod
1328 1149 1557 1214 statim
1603 1147 2005 1213 declaratum
2045 1153 2168 1213 est
2226 1148 2396 1213 clero
2443 1154 2512 1213 et
2554 1149 2812 1235 populo,
2860 1149 2975 1233 qui

870 1251 1274 1317 unanimiter
1318 1251 1760 1341 laudaverunt
1802 1249 2038 1328 Deum,
2084 1251 2158 1316 in
2204 1250 2447 1316 Sancto
2491 1251 2628 1317 Suo
2673 1250 2718 1316 J
2720 1251 2976 1316 ohanne

870 1355 1068 1420 toties
1112 1354 1542 1420 clarificatum
1602 1353 1952 1420 miraculis,
2069 1353 2159 1419 Et
2206 1355 2440 1438 [eram]
2485 1359 2651 1421 tunc
2710 1355 2975 1442 quidem

870 1459 944 1522 in
988 1456 1257 1522 ecclesia
1300 1476 1450 1523 cum
1495 1457 1733 1521 mulier
1776 1456 2026 1541 recepit
2069 1456 2307 1521 visum,

993 1689 1100 1775 [H
1093 1709 1241 1756 omo
1285 1687 1588 1775 quidam,
1635 1687 2049 1755 claemom'aco
2082 1688 2325 1775 fwo‘re
2368 1694 2720 1776 correptus,
2756 1710 2885 1775 per

1346 1788 1680 1857 Sanctum
1723 1790 2112 1857 Johannem
2154 1792 2484 1875 sanatus]
2731 1830 2734 1837 ·

529 1957 585 2009 A
606 1974 725 2011 man
958 1952 1178 2018 Homo
1222 1952 1492 2039 quidam
1537 1952 1754 2019 fuerat
1813 1954 1886 2017 in
1938 1953 2317 2040 episcopatu
2362 1953 2846 2033 Lincolniensi‚1
2892 1955 2974 2020 de

527 2026 662 2077 from
683 2026 815 2078 Kes-

430 2094 435 2103 ·
525 2100 678 2143 taven
699 2092 755 2143 in
869 2055 1209 2143 provincia
1253 2076 1401 2141 quae
1462 2055 1841 2121 Kestevena
1885 2055 2232 2134 vocitatur,
2295 2058 2414 2142 qui
2473 2057 2793 2123 Sanctum
2837 2058 2974 2123 An-

529 2159 773 2238 Lipeoln.
869 2158 1093 2224 dream
1137 2157 1319 2224 adire
1381 2146 1738 2243 proposuit.
1853 2157 1988 2223 Sed
2049 2163 2409 2244 antequam
2469 2160 2717 2225 flumen
2761 2159 2974 2225 Hum-

527 2226 842 2354 {23:2⁶}ss
868 2261 1006 2326 brae
1050 2260 1377 2337 transiret,
1426 2281 1651 2324 amens
1696 2259 1969 2325 effectus
2014 2260 2294 2346 projecit
2322 2258 2737 2341 vestimenta,
2783 2284 2973 2327 num-
3007 2328 3015 2335 ,

527 2361 770 2476 ἓῡθῗὲἓὲῠ
788 2366 840 2410 ῒῡ
866 2384 1137 2447 mosque
1180 2362 1497 2427 similiter.
1613 2361 1722 2426 Ad
1784 2362 2213 2428 Beverlacum
2274 2365 2666 2449 quantocius
2717 2366 2975 2431 insania

526 2491 693 2542 where
714 2443 839 2542 hZ’is
866 2466 1104 2550 ductus
1132 2465 1459 2544 cucurrit;
1504 2485 1781 2549 cumque
1813 2464 1886 2529 in
1916 2464 2255 2531 ecclesiam
2285 2466 2642 2547 deveniret,
2677 2467 2974 2534 clamosis

530 2573 653 2623 very
674 2558 837 2624 noisy.
862 2568 1134 2633 vocibus
1164 2568 1237 2631 in
1280 2568 1427 2653 ipsa
1455 2567 1850 2632 solennitate
1894 2568 2322 2653 depositionis
2360 2569 2589 2636 Sancti
2633 2569 2680 2635 J
2680 2570 2971 2647 ohannis,

862 2692 1012 2756 quae
1057 2671 1249 2735 nonis
1301 2670 1465 2735 Maii
1526 2671 1907 2749 celebratur,
1971 2693 2197 2737 omnes
2259 2673 2377 2758 qui
2441 2674 2717 2739 aderant
2761 2677 2972 2740 conci·
3071 2758 3084 2767 ι

861 2772 1079 2851 tavit3
1143 2793 1396 2858 eosque,
1444 2773 1562 2858 qui
1620 2773 1926 2838 divinum
1987 2772 2272 2839 officium
2317 2775 2748 2853 celebrabant,
2795 2777 2971 2841 voci-

862 2874 1181 2941 feratione
1245 2875 1640 2942 multimoda
1702 2898 1993 2963 persaepe
2060 2877 2498 2964 impediebat;
2563 2862 2703 2944 nec·
2749 2879 2973 2964 potuit

863 2979 1062 3043 minis
1108 2979 1622 3064 verberibusque
1666 2980 1973 3058 cohiberi,
2021 2985 2100 3044 ut
2145 2979 2514 3066 intelligere
2572 3002 2790 3066 posses
2837 2982 2971 3048 dae-

863 3082 1234 3148 moniacum
1278 3082 1563 3146 furorem
1609 3083 1682 3146 in
1726 3082 1844 3147 illo
1889 3083 2191 3160 exerceri,
2238 3104 2372 3147 non
2416 3082 2766 3149 rusticanae
2815 3086 2968 3148 sim-

527 3198 614 3247 He
634 3195 679 3247 is
700 3198 818 3248 mad
863 3186 1182 3273 plicitatis
1257 3206 1535 3249 sensum.
1658 3185 1836 3250 Nam
1914 3185 2267 3272 aliquando
2331 3186 2642 3251 clamores
2708 3209 2794 3251 ex
2860 3208 2970 3252 ore

524 3263 782 3395 {geneven
865 3289 1114 3376 captivi
1161 3287 1590 3365 extolluntur,
1637 3289 2031 3374 quandoque
2076 3287 2456 3373 rhythmica
2497 3289 2702 3354 verba
2759 3289 2970 3376 profe-

560 3416 569 3424 ·
864 3397 1119 3470 rantur,
1188 3395 1267 3456 ut
1309 3412 1445 3455 non
1491 3390 1807 3476 simplicis
1866 3390 2153 3455 hominis
2216 3394 2540 3467 naturam,
2587 3390 2701 3456 sed
2747 3391 2970 3456 diabo-

864 3496 1058 3561 licam
1101 3493 1461 3560 amentiam
1520 3492 1850 3579 propalari
1902 3493 2113 3560 scires.
2231 3491 2411 3572 Quid
2478 3494 2738 3560 multa?
2849 3494 2973 3560 Per

528 3604 613 3683 Qu
635 3603 723 3654 the
863 3603 1114 3684 septem
1181 3597 1322 3661 dies
1382 3595 1507 3661 tali
1568 3595 1950 3682 agitabatur
2011 3594 2286 3660 insania.
2399 3593 2656 3661 Octava
2706 3596 2970 3661 demum

523 3670 708 3786 {¹323}
727 3671 792 3723 he
862 3704 1055 3765 nocte
1097 3720 1324 3784 sopore
1370 3696 1839 3782 comprimitur,
1872 3695 2094 3781 quiete
2139 3695 2487 3762 refovetur.
2581 3696 2778 3763 Mane
2816 3715 2971 3764 vero

526 3802 695 3869 again,
866 3801 1155 3867 surrexit
1198 3800 1395 3884 bomo
1440 3820 1654 3876 sanus
1700 3820 1778 3864 ac
1840 3797 1899 3862 si
1958 3818 2303 3882 nunquam
2348 3799 2641 3865 amentia
2698 3801 2809 3865 vel
2868 3801 2969 3865 in-

866 3903 1053 3968 sania
1095 3906 1464 3977 vexaretur,
1511 3899 1936 3985 simplicitate
1988 3898 2273 3985 pristina
2321 3905 2717 3985 recuperata.
2826 3901 2968 3968 Lae-

864 4009 1099 4070 tantur
1142 4002 1364 4069 cuncti
1409 4001 1526 4087 qui
1571 4000 1849 4066 aderant
1893 3999 2001 4064 vel
2045 3999 2169 4065 hoc
2213 4000 2577 4079 audierant,
2624 4002 2969 4069 laudantes

867 4106 1086 4172 Deum
1153 4106 1227 4168 in
1289 4103 1723 4180 mirabilibus
1789 4124 1938 4187 quae
1998 4102 2252 4166 meritis
2316 4103 2527 4168 sancti
2589 4104 2970 4170 confessoris

865 4209 987 4275 Sui
1022 4208 1069 4275 J
1070 4207 1350 4274 ohannis
1378 4203 1583 4271 facit.²
1672 4205 1806 4271 Hic
1835 4225 1991 4270 vero
2026 4205 2170 4290 jam
2215 4226 2414 4270 sanus
2455 4204 2740 4284 effectus,
2770 4193 2970 4280 rediit

931 4489 944 4520 1
982 4488 1093 4538 The
1136 4488 1351 4536 number
1395 4486 1458 4535 of
1500 4498 1642 4534 033ae
1685 4490 1777 4534 out
1820 4481 1879 4532 of
1962 4445 2065 4493 and
2086 4442 2338 4533 ‘Beverleys
2352 4459 2456 4494 was
2477 4444 2565 4494 the
2583 4454 2783 4496 nearest
2798 4446 2970 4500 shrine

1962 4530 2015 4572 to
2038 4522 2403 4588 ancolnshire.

865 4567 1218 4621 Lincolnshioe
1234 4565 1336 4615 will
1354 4567 1417 4615 be
1436 4563 1716 4615 remarked.
1760 4563 1875 4614 Tho

868 4663 1041 4699 access
1084 4655 1139 4697 to
1175 4645 1471 4702 Yorkshire‚
1517 4642 1745 4709 crossing
1787 4641 1876 4692 the

866 4727 1105 4778 Hnmber
1142 4727 1214 4791 by
1235 4723 1408 4775 Booth
1445 4723 1627 4786 Fen-y,
1658 4721 1702 4771 is
1738 4736 1876 4786 easy,

2027 4600 2050 4633 ²
2082 4600 2195 4652 The
2218 4601 2422 4666 paucity
2444 4604 2546 4652 and
2569 4617 2884 4654 narrowness
2915 4607 2977 4656 of

1961 4680 2049 4732 thc
2072 4679 2313 4745 verbiage
2335 4682 2436 4729 and
2456 4680 2763 4744 descriptive
2801 4698 2971 4747 power

1962 4760 2022 4810 of
2037 4760 2124 4810 the
2147 4758 2315 4810 writer
2335 4757 2382 4810 is
2405 4775 2532 4825 very
2552 4762 2911 4820 remarkable„
