3600 5800
1224 901 1540 953 merom:
1585 899 1802 950 numo
1847 899 2219 951 srnrmo.
2691 886 2775 955 27

669 1088 1052 1174 eaeterisque
1112 1088 1284 1155 locis.
1375 1089 1648 1167 Deinde,
1711 1095 2161 1155 consummabo
2222 1110 2532 1167 sermone,
2594 1111 2771 1177 mag-
2799 1103 2903 1154 had
2923 1105 3054 1154 been

669 1216 831 1259 num
876 1192 1256 1260 convivium
1322 1193 1525 1258 trium
1594 1193 1850 1258 dierum
1915 1199 1985 1258 et.
2045 1192 2339 1259 noctium
2398 1215 2581 1280 reges
2625 1216 2774 1260 cum
2800 1171 3108 1288 ffiffiffithe

669 1298 849 1363 omni
894 1296 1137 1383 populo
1196 1296 1619 1373 laetificantes,
1664 1296 2130 1387 magnanimes*
2159 1297 2231 1361 in
2274 1298 2510 1375 hosteS,
2557 1297 2773 1363 humi-

670 1399 765 1464 les
811 1420 959 1465 cum
1004 1396 1209 1463 servis
1269 1398 1411 1475 Dei,
1459 1398 1766 1491 inierunt.
1858 1398 2128 1463 Addens
2190 1421 2448 1485 quoque
2509 1406 2773 1466 sanctus

669 1498 972 1586 pontifex
1038 1505 1276 1576 noster,
1344 1498 1520 1564 inter
1583 1499 1717 1564 alia
1782 1498 1970 1577 bona,
2032 1500 2119 1564 ad
2182 1500 2478 1566 decorem
2542 1501 2773 1566 domus

673 1603 818 1681 Dei,
864 1602 1246 1668 inauditum
1315 1607 1471 1667 ante
1516 1602 1774 1668 saeculis
1828 1603 2071 1667 nostris
2116 1604 2448 1689 quoddam
2493 1605 2771 1671 miracu-

671 1707 827 1773 lum„
938 1707 1115 1772 Nam
1171 1711 1454 1792 quatuor
1518 1706 1882 1793 Evangelia
1943 1707 2025 1772 de
2085 1718 2245 1774 auro
2309 1709 2656 1795 purissimo
2700 1711 2774 1774 in
2800 1737 3008 1787 wilfrid

672 1811 1067 1877 membranis
1113 1811 1592 1898 depurpuratia
1639 1811 1959 1889 coloratis,
2024 1834 2142 1898 pro
2209 1813 2448 1879 animae
2495 1836 2630 1880 suae
2676 1837 2773 1879 re·
2799 1803 3024 1919 ῗξθὸῃῑζ

673 1916 889 1983 medio
949 1916 1227 1983 scribere
1279 1916 1533 2004 jussit3
1608 1938 1866 1984 necnon
1926 1922 1995 1982 et
2052 1916 2519 1984 bibliothecam
2579 1919 2774 1985 libro-
2799 1885 3107 1986 fingossvan·
3165 1958 3170 1963 »

674 2041 821 2084 rum
896 2040 1136 2117 eorum,
1212 2041 1474 2086 omnem
1550 2020 1633 2084 de
1706 2039 1868 2084 auro
1943 2018 2294 2105 purissimo
2368 2026 2439 2086 et
2501 2021 2776 2106 gemmis
2802 2002 3085 2066 geliarium.

675 2123 1161 2209 pretiosissimis
1205 2123 1648 2199 fabrefactam,
1695 2122 2153 2208 compaginare
2198 2122 2554 2191 inclusores
2596 2145 2774 2210 gem-

675 2246 930 2291 marum
974 2225 1287 2315 praecepit
1310 2224 1351 2305 3¹
1396 2247 1544 2311 quae
1591 2225 1830 2302 omnia,
1863 2230 1933 2289 et
1976 2225 2109 2290 alia
2152 2226 2485 2304 nonnulla,
2532 2226 2605 2290 in
2649 2232 2777 2293 tes-

675 2327 1025 2393 timonium
1088 2328 1301 2393 beatae
1375 2327 1706 2393 memoriae
1781 2327 1940 2413 ejus,
2018 2327 2090 2392 in
2166 2327 2434 2394 ecclesia
2506 2334 2732 2395 nom-a
2753 2328 2778 2368 ²

677 2450 880 2514 usque
939 2428 1137 2493 hodie
1194 2429 1656 2505 reconduntur,
1719 2428 1837 2493 ubi
1896 2429 2190 2514 reliquiae
2252 2429 2430 2495 illius
2491 2432 2774 2517 requies·

678 2536 872 2611 cunt3
916 2536 985 2595 et
1029 2532 1171 2597 sine
1219 2531 1702 2597 intermissione
1733 2531 2030 2616 quotidie
2082 2531 2154 2596 in
2201 2532 2606 2599 orationibus
2658 2556 2773 2599 no-
2801 2554 2816 2565 ·

677 2634 873 2699 minis
918 2634 1062 2720 ejus
1104 2634 1544 2701 recordantur.

1336 2869 1785 2956 [Offmwu
1830 2867 2117 2955 XVIII]

1077 3037 1174 3103 De
1215 3059 1287 3103 eo
1330 3036 1510 3123 quod
1556 3034 1898 3122 infantem
1939 3035 2370 3114 resuscitavit,

764 3188 1117 3258 Mimbtlis
1159 3194 1261 3254 est
1324 3187 1502 3253 Deus
1563 3186 1648 3252 isn
1707 3184 1978 3252 Sanctis
2027 3186 2205 3264 Suis,
2254 3192 2323 3252 et
2383 3188 2775 3256 clarificatus
2803 3206 2886 3256 ps,
2911 3206 3055 3256 lxvii.

678 3295 748 3358 in
793 3292 1156 3358 virtutibus
1201 3294 1460 3354 eorum!
1546 3287 1725 3352 Olim
1759 3287 1904 3372 jam
1950 3287 2022 3352 in
2063 3283 2290 3353 Veteri
2338 3289 2509 3375 Lege
2554 3312 2774 3356 servos
2800 3278 2881 3323 ³⁶·

1869 3448 1952 3454 --
1955 3447 2250 3455 -—--.—-—-0..
2275 3449 2760 3457 ,---————-.—--——--—.—

744 3534 761 3567 ¹
795 3539 947 3590 Peter
981 3538 1044 3588 of
1073 3536 1217 3589 Blois
1273 3533 1516 3598 (Lelandi
1553 3533 1681 3585 con.
1721 3541 1729 3612 Ι
1770 3532 1992 3584 Minster
2036 3537 2067 3562 “
2088 3536 2188 3585 duo
2227 3542 2397 3586 textus
2436 3536 2610 3587 Sancti
2651 3537 2777 3588 wil-

679 3618 746 3669 iii.
791 3622 912 3684 llo)
953 3617 1072 3668 thus
1111 3614 1364 3667 describes
1405 3611 1505 3664 this
1542 3612 1674 3680 gift:
1722 3637 1727 3674 ι
1768 3617 1799 3640 ‘⁴
1835 3612 1969 3675 ffidi,
1991 3612 2157 3663 ornati
2179 3629 2297 3665 cnm
2320 3621 2532 3680 argeum
2555 3622 2607 3666 et
2640 3632 2780 3680 auro,

680 3700 711 3725 ‘⁸
745 3697 888 3748 Idem
943 3710 1142 3760 quoque
1204 3692 1285 3743 vir
1326 3691 1426 3743 Dei
1471 3697 1685 3756 quatuor
1722 3679 1727 3700 ⁸
1770 3696 1801 3721 “
1838 3707 2049 3756 quorum
2079 3709 2213 3744 unus
2250 3693 2475 3746 continet
2508 3696 2779 3763 imaginem

682 3779 714 3805 ‘⁴
748 3774 1044 3840 Evangelia,
1079 3780 1132 3823 et
1161 3772 1536 3834 bibliothecam,
1573 3770 1686 3836 plu·
1769 3774 1801 3798 ‘⁸
1837 3769 2077 3830 crucifixi,
2094 3769 2270 3822 Μαι-ἰῶ
2289 3780 2340 3822 et
2352 3772 2608 3825 «Iohannis
2625 3775 2678 3825 in
2703 3774 2779 3824 in-

683 3858 713 3881 “
752 3868 929 3918 resque
982 3852 1137 3904 libros
1186 3851 1319 3902 Novi
1376 3867 1436 3902 ae
1484 3848 1685 3901 Veteris
1771 3852 1806 3877 “
1841 3847 2010 3899 feriori
2033 3856 2191 3912 parte,
2213 3857 2266 3900 et
2287 3849 2553 3917 imaginem
2578 3853 2779 3904 Sancus

681 3934 715 3961 “
751 3931 1083 3994 Testamenti,
1127 3946 1244 3983 cum
1290 3928 1494 3991 tabulis,
1541 3927 1684 3979 tectis
1770 3930 1804 3956 ‘⁸
1839 3926 2107 3978 Trinitatis
2145 3935 2197 3977 et
2230 3929 2443 3980 duorum
2464 3931 2780 3998 Angelorum

679 4013 713 4040 ‘⁴
746 4025 870 4062 auro
892 4009 1175 4075 purissimo,
1195 4018 1248 4060 et
1277 4007 1511 4074 pretiosis
1546 4023 1685 4073 gem·
1772 4011 1804 4035 ‘⁶
1840 4005 1892 4055 in
1934 4006 2185 4071 superiore
2223 4015 2383 4072 parte,
2418 4010 2479 4060 de
2516 4011 2665 4061 ebore
2681 4033 2695 4072 ς
2728 4020 2781 4061 et

679 4095 712 4120 ‘⁴
747 4090 858 4151 mis,
879 4089 1096 4141 mirabili
1130 4088 1346 4140 artificio
1380 4086 1685 4148 fabrefimtis,
1770 4088 1803 4114 ‘¹
1838 4084 1968 4136 alius
1991 4086 2220 4137 continet
2252 4087 2528 4154 imaginem
2552 4089 2778 4140 crucifixi

679 4175 713 4199 “
745 4171 812 4220 ad
844 4171 1089 4221 honorem
1128 4167 1223 4219 Dei
1264 4175 1317 4217 et
1353 4167 1433 4216 sui
1469 4164 1686 4216 nominis
1770 4166 1803 4193 “
1841 4163 1893 4214 in
1929 4172 2073 4229 parte
2107 4165 2358 4228 inferiore,
2395 4175 2445 4216 et
2486 4167 2782 4231 salvatoris,

681 4254 713 4278 “
746 4248 1038 4301 memoriam
1064 4245 1436 4312 praesentavit.''
1497 4244 1686 4297 Biblio-
1771 4246 1803 4270 ‘⁸
1839 4242 1949 4293 sive
1983 4244 2267 4306 majestatis
2289 4246 2440 4307 Ejus,
2476 4262 2592 4297 eum
2627 4247 2780 4299 Petro

682 4328 828 4381 theca
848 4329 892 4380 is
914 4330 1003 4379 the
1036 4327 1168 4378 back
1202 4328 1305 4376 and
1340 4324 1474 4376 sides
1515 4325 1575 4375 of
1598 4325 1685 4375 the
1770 4325 1803 4351 “
1841 4331 1893 4373 et
1947 4324 2129 4385 Paulo,
2175 4323 2227 4373 in
2273 4331 2418 4388 parte
2465 4326 2780 4389 superiore.”

680 4410 813 4460 book
829 4424 888 4460 or
902 4409 1081 4459 books.
1126 4407 1193 4457 In
1213 4406 1303 4457 the
1330 4406 1451 4456 15t11
1475 4412 1685 4471 century
1776 4400 1987 4464 (Fabric
2043 4402 2190 4453 Bolls
2244 4403 2306 4453 of
2351 4404 2494 4454 York
2550 4404 2781 4470 minster,

681 4488 821 4539 there
876 4503 982 4538 was
1039 4504 1074 4537 a
1125 4486 1375 4536 “Textus
1417 4484 1686 4536 Wilffidi”
1773 4484 1916 4545 223.)

681 4568 944 4632 preserved
967 4573 1020 4616 at
1041 4564 1210 4629 Ripon
1231 4563 1372 4627 (MS.
1395 4564 1503 4616 Aet
1539 4564 1687 4614 Book
1840 4560 1862 4592 ²
1896 4560 2022 4611 This
2071 4560 2239 4612 shows
2283 4562 2396 4612 that
2452 4563 2536 4613 the
2584 4566 2780 4628 author,

682 4646 741 4694 of
775 4646 925 4697 Dean
965 4646 1071 4695 and
1114 4643 1340 4708 Chapter
1374 4644 1437 4693 of
1473 4643 1686 4709 Ripon).
1775 4639 1922 4691 when
1958 4640 2023 4692 he
2055 4650 2210 4692 wrote
2246 4642 2347 4692 this
2387 4644 2543 4703 work,
2569 4659 2671 4695 was
2704 4660 2780 4695 re·

681 4724 842 4776 'lbere
868 4740 1001 4776 were
1039 4723 1235 4788 shortly
1255 4723 1427 4774 before
1463 4723 1549 4773 the
1588 4724 1688 4773 Be·
1774 4719 1943 4786 siding
1963 4719 2019 4771 in
2041 4720 2127 4771 the
2150 4730 2440 4786 monastery
2463 4730 2519 4772 at
2539 4721 2722 4788 Bipon.

682 4803 963 4856 formation-
983 4803 1038 4854 in
1077 4803 1163 4854 the
1204 4809 1435 4868 treasury
1460 4803 1523 4853 of
1544 4803 1688 4856 York
